@misc{nakamoto2008bitcoin,
  title        = {Bitcoin: A Peer-to-Peer Electronic Cash System},
  author       = {Nakamoto, Satoshi},
  year         = {2008},
  howpublished = {\url{https://bitcoin.org/bitcoin.pdf}}
}

@article{perez2021impacto,
  title   = {Impacto de las criptomonedas en economías emergentes},
  author  = {Pérez, Luis},
  journal = {Revista de Economía y Finanzas},
  volume  = {10},
  number  = {2},
  pages   = {50--65},
  year    = {2021}
}

@article{garcia2020analisis,
  title   = {Análisis del mercado cambiario boliviano},
  author  = {García, María and López, Ricardo},
  journal = {Anales de Economía Boliviana},
  volume  = {15},
  number  = {1},
  pages   = {30--45},
  year    = {2020}
}