price,available,advertisers_qty,type,timestamp,curr_from,curr_to,source
6.5,100.0,1,BUY,1729356308,BOB,USDT,binance
6.5,100.0,1,BUY,1729365179,BOB,USDT,binance
6.5,100.0,1,BUY,1729382603,BOB,USDT,binance
6.5,100.0,1,BUY,1729430440,BOB,USDT,binance
6.5,100.0,1,BUY,1729466298,BOB,USDT,binance
6.5,100.0,1,BUY,1729480154,BOB,USDT,binance
6.5,100.0,1,BUY,1729520858,BOB,USDT,binance
6.5,100.0,1,BUY,1729551792,BOB,USDT,binance
6.5,100.0,1,BUY,1729558082,BOB,USDT,binance
6.5,100.0,1,BUY,1729571854,BOB,USDT,binance
6.5,100.0,1,BUY,1729572353,BOB,USDT,binance
6.5,100.0,1,BUY,1729577699,BOB,USDT,binance
6.5,100.0,1,BUY,1729599561,BOB,USDT,binance
6.5,100.0,1,BUY,1729620840,BOB,USDT,binance
6.5,100.0,1,BUY,1729644418,BOB,USDT,binance
6.5,100.0,1,BUY,1729664098,BOB,USDT,binance
6.5,100.0,1,BUY,1729685950,BOB,USDT,binance
6.5,100.0,1,BUY,1729730794,BOB,USDT,binance
6.5,100.0,1,BUY,1729743955,BOB,USDT,binance
6.5,100.0,1,BUY,1729758460,BOB,USDT,binance
6.5,100.0,1,BUY,1729773705,BOB,USDT,binance
6.5,100.0,1,BUY,1729787134,BOB,USDT,binance
6.5,100.0,1,BUY,1729801396,BOB,USDT,binance
6.5,100.0,1,BUY,1729820549,BOB,USDT,binance
6.5,100.0,1,BUY,1729830447,BOB,USDT,binance
6.5,100.0,1,BUY,1729844838,BOB,USDT,binance
6.5,100.0,1,BUY,1729860080,BOB,USDT,binance
6.5,100.0,1,BUY,1729873608,BOB,USDT,binance
6.5,100.0,1,BUY,1729887822,BOB,USDT,binance
6.5,100.0,1,BUY,1729906742,BOB,USDT,binance
6.5,100.0,1,BUY,1729916754,BOB,USDT,binance
6.5,100.0,1,BUY,1729931080,BOB,USDT,binance
6.5,100.0,1,BUY,1729946307,BOB,USDT,binance
6.5,100.0,1,BUY,1729959873,BOB,USDT,binance
6.5,100.0,1,BUY,1729974065,BOB,USDT,binance
6.5,100.0,1,BUY,1729993668,BOB,USDT,binance
6.5,100.0,1,BUY,1730003135,BOB,USDT,binance
6.5,100.0,1,BUY,1730017603,BOB,USDT,binance
6.5,100.0,1,BUY,1730032701,BOB,USDT,binance
6.5,100.0,1,BUY,1730046368,BOB,USDT,binance
6.5,100.0,1,BUY,1730060555,BOB,USDT,binance
6.5,100.0,1,BUY,1730079969,BOB,USDT,binance
6.5,100.0,1,BUY,1730089605,BOB,USDT,binance
6.5,100.0,1,BUY,1730104117,BOB,USDT,binance
6.5,100.0,1,BUY,1730119401,BOB,USDT,binance
6.5,100.0,1,BUY,1730132858,BOB,USDT,binance
6.5,100.0,1,BUY,1730147011,BOB,USDT,binance
6.5,100.0,1,BUY,1730166231,BOB,USDT,binance
6.5,100.0,1,BUY,1730175979,BOB,USDT,binance
6.5,100.0,1,BUY,1730190467,BOB,USDT,binance
6.5,100.0,1,BUY,1730205746,BOB,USDT,binance
6.5,100.0,1,BUY,1730219263,BOB,USDT,binance
6.5,100.0,1,BUY,1730233397,BOB,USDT,binance
6.5,100.0,1,BUY,1730252566,BOB,USDT,binance
6.5,100.0,1,BUY,1730262365,BOB,USDT,binance
6.5,100.0,1,BUY,1730276997,BOB,USDT,binance
6.5,100.0,1,BUY,1730292124,BOB,USDT,binance
6.5,100.0,1,BUY,1730305645,BOB,USDT,binance
6.5,100.0,1,BUY,1730306554,BOB,USDT,binance
6.5,100.0,1,BUY,1730319776,BOB,USDT,binance
6.5,100.0,1,BUY,1730339021,BOB,USDT,binance
6.5,100.0,1,BUY,1730348784,BOB,USDT,binance
6.5,100.0,1,BUY,1730363130,BOB,USDT,binance
6.5,100.0,1,BUY,1730378489,BOB,USDT,binance
6.5,100.0,1,BUY,1730392032,BOB,USDT,binance
6.5,100.0,1,BUY,1730406107,BOB,USDT,binance
6.5,100.0,1,BUY,1730425768,BOB,USDT,binance
6.5,100.0,1,BUY,1730435133,BOB,USDT,binance
6.5,100.0,1,BUY,1730449589,BOB,USDT,binance
6.5,100.0,1,BUY,1730464797,BOB,USDT,binance
6.5,100.0,1,BUY,1730478353,BOB,USDT,binance
6.5,100.0,1,BUY,1730492559,BOB,USDT,binance
6.5,100.0,1,BUY,1730511614,BOB,USDT,binance
6.5,100.0,1,BUY,1730521564,BOB,USDT,binance
6.5,100.0,1,BUY,1730535931,BOB,USDT,binance
6.5,100.0,1,BUY,1730551119,BOB,USDT,binance
6.5,100.0,1,BUY,1730564737,BOB,USDT,binance
6.5,100.0,1,BUY,1730578902,BOB,USDT,binance
6.5,100.0,1,BUY,1730598471,BOB,USDT,binance
6.5,100.0,1,BUY,1730607885,BOB,USDT,binance
6.5,100.0,1,BUY,1730622250,BOB,USDT,binance
6.5,100.0,1,BUY,1730637471,BOB,USDT,binance
6.5,100.0,1,BUY,1730651075,BOB,USDT,binance
6.5,100.0,1,BUY,1730665277,BOB,USDT,binance
6.5,100.0,1,BUY,1730684651,BOB,USDT,binance
6.5,100.0,1,BUY,1730694343,BOB,USDT,binance
6.5,100.0,1,BUY,1730708854,BOB,USDT,binance
6.5,100.0,1,BUY,1730724158,BOB,USDT,binance
6.5,100.0,1,BUY,1730737589,BOB,USDT,binance
6.5,100.0,1,BUY,1730751731,BOB,USDT,binance
6.5,100.0,1,BUY,1730770807,BOB,USDT,binance
6.5,100.0,1,BUY,1730780720,BOB,USDT,binance
6.5,100.0,1,BUY,1730795209,BOB,USDT,binance
6.5,100.0,1,BUY,1730810358,BOB,USDT,binance
6.5,100.0,1,BUY,1730824032,BOB,USDT,binance
6.5,100.0,1,BUY,1730838149,BOB,USDT,binance
6.5,100.0,1,BUY,1730852476,BOB,USDT,binance
6.78,1399.13,1,BUY,1729356308,BOB,USDT,binance
6.78,1399.13,1,BUY,1729365179,BOB,USDT,binance
6.78,1399.13,1,BUY,1729382603,BOB,USDT,binance
6.78,1399.13,1,BUY,1729430440,BOB,USDT,binance
6.78,1399.13,1,BUY,1729466298,BOB,USDT,binance
6.78,1399.13,1,BUY,1729480154,BOB,USDT,binance
6.78,1399.13,1,BUY,1729520858,BOB,USDT,binance
6.78,1399.13,1,BUY,1729551792,BOB,USDT,binance
6.78,1399.13,1,BUY,1729558082,BOB,USDT,binance
6.78,1399.13,1,BUY,1729571854,BOB,USDT,binance
6.78,1399.13,1,BUY,1729572353,BOB,USDT,binance
6.78,1399.13,1,BUY,1729577699,BOB,USDT,binance
6.78,1399.13,1,BUY,1729599561,BOB,USDT,binance
6.78,1399.13,1,BUY,1729620840,BOB,USDT,binance
6.78,1399.13,1,BUY,1729644418,BOB,USDT,binance
6.78,1399.13,1,BUY,1729664098,BOB,USDT,binance
6.78,1399.13,1,BUY,1729685950,BOB,USDT,binance
6.78,1399.13,1,BUY,1729730794,BOB,USDT,binance
6.78,1399.13,1,BUY,1729743955,BOB,USDT,binance
6.78,1399.13,1,BUY,1729758460,BOB,USDT,binance
6.78,1399.13,1,BUY,1729773705,BOB,USDT,binance
6.78,1399.13,1,BUY,1729787134,BOB,USDT,binance
6.78,1399.13,1,BUY,1729801396,BOB,USDT,binance
6.78,1399.13,1,BUY,1729820549,BOB,USDT,binance
6.78,1399.13,1,BUY,1729830447,BOB,USDT,binance
6.78,1399.13,1,BUY,1729844838,BOB,USDT,binance
6.78,1399.13,1,BUY,1729860080,BOB,USDT,binance
6.78,1399.13,1,BUY,1729873608,BOB,USDT,binance
6.78,1399.13,1,BUY,1729887822,BOB,USDT,binance
6.78,1399.13,1,BUY,1729906742,BOB,USDT,binance
6.78,1399.13,1,BUY,1729916754,BOB,USDT,binance
6.78,1399.13,1,BUY,1729931080,BOB,USDT,binance
6.78,1399.13,1,BUY,1729946307,BOB,USDT,binance
6.78,1399.13,1,BUY,1729959873,BOB,USDT,binance
6.78,1399.13,1,BUY,1729974065,BOB,USDT,binance
6.78,1399.13,1,BUY,1729993668,BOB,USDT,binance
6.78,1399.13,1,BUY,1730003135,BOB,USDT,binance
6.78,1399.13,1,BUY,1730017603,BOB,USDT,binance
6.78,1399.13,1,BUY,1730032701,BOB,USDT,binance
6.78,1399.13,1,BUY,1730046368,BOB,USDT,binance
6.78,1399.13,1,BUY,1730060555,BOB,USDT,binance
6.78,1399.13,1,BUY,1730079969,BOB,USDT,binance
6.78,1399.13,1,BUY,1730089605,BOB,USDT,binance
6.78,1399.13,1,BUY,1730104117,BOB,USDT,binance
6.78,1399.13,1,BUY,1730119401,BOB,USDT,binance
6.78,1399.13,1,BUY,1730132858,BOB,USDT,binance
6.78,1399.13,1,BUY,1730147011,BOB,USDT,binance
6.78,1399.13,1,BUY,1730166231,BOB,USDT,binance
6.78,1399.13,1,BUY,1730175979,BOB,USDT,binance
6.78,1399.13,1,BUY,1730190467,BOB,USDT,binance
6.78,1399.13,1,BUY,1730205746,BOB,USDT,binance
6.78,1399.13,1,BUY,1730219263,BOB,USDT,binance
6.78,1399.13,1,BUY,1730233397,BOB,USDT,binance
6.78,1399.13,1,BUY,1730252566,BOB,USDT,binance
6.78,1399.13,1,BUY,1730262365,BOB,USDT,binance
6.78,1399.13,1,BUY,1730276997,BOB,USDT,binance
6.78,1399.13,1,BUY,1730292124,BOB,USDT,binance
6.78,1399.13,1,BUY,1730305645,BOB,USDT,binance
6.78,1399.13,1,BUY,1730306554,BOB,USDT,binance
6.78,1399.13,1,BUY,1730319776,BOB,USDT,binance
6.78,1399.13,1,BUY,1730339021,BOB,USDT,binance
6.78,1399.13,1,BUY,1730348784,BOB,USDT,binance
6.78,1399.13,1,BUY,1730363130,BOB,USDT,binance
6.78,1399.13,1,BUY,1730378489,BOB,USDT,binance
6.78,1399.13,1,BUY,1730392032,BOB,USDT,binance
6.78,1399.13,1,BUY,1730406107,BOB,USDT,binance
6.78,1399.13,1,BUY,1730425768,BOB,USDT,binance
6.78,1399.13,1,BUY,1730435133,BOB,USDT,binance
6.78,1399.13,1,BUY,1730449589,BOB,USDT,binance
6.78,1399.13,1,BUY,1730464797,BOB,USDT,binance
6.78,1399.13,1,BUY,1730478353,BOB,USDT,binance
6.78,1399.13,1,BUY,1730492559,BOB,USDT,binance
6.78,1399.13,1,BUY,1730511614,BOB,USDT,binance
6.78,1399.13,1,BUY,1730521564,BOB,USDT,binance
6.78,1399.13,1,BUY,1730535931,BOB,USDT,binance
6.78,1399.13,1,BUY,1730551119,BOB,USDT,binance
6.78,1399.13,1,BUY,1730564737,BOB,USDT,binance
6.78,1399.13,1,BUY,1730578902,BOB,USDT,binance
6.78,1399.13,1,BUY,1730598471,BOB,USDT,binance
6.78,1399.13,1,BUY,1730607885,BOB,USDT,binance
6.78,1399.13,1,BUY,1730622250,BOB,USDT,binance
6.78,1399.13,1,BUY,1730637471,BOB,USDT,binance
6.78,1399.13,1,BUY,1730651075,BOB,USDT,binance
6.78,1399.13,1,BUY,1730665277,BOB,USDT,binance
6.78,1399.13,1,BUY,1730684651,BOB,USDT,binance
6.78,1399.13,1,BUY,1730694343,BOB,USDT,binance
6.78,1399.13,1,BUY,1730708854,BOB,USDT,binance
6.78,1399.13,1,BUY,1730724158,BOB,USDT,binance
6.78,1399.13,1,BUY,1730737589,BOB,USDT,binance
6.78,1399.13,1,BUY,1730751731,BOB,USDT,binance
6.78,1399.13,1,BUY,1730770807,BOB,USDT,binance
6.78,1399.13,1,BUY,1730780720,BOB,USDT,binance
6.78,1399.13,1,BUY,1730795209,BOB,USDT,binance
6.78,1399.13,1,BUY,1730810358,BOB,USDT,binance
6.78,1399.13,1,BUY,1730824032,BOB,USDT,binance
6.78,1399.13,1,BUY,1730838149,BOB,USDT,binance
6.78,1399.13,1,BUY,1730852476,BOB,USDT,binance
6.8,700.0,1,BUY,1729356308,BOB,USDT,binance
6.8,700.0,1,BUY,1729365179,BOB,USDT,binance
6.8,700.0,1,BUY,1729382603,BOB,USDT,binance
6.8,700.0,1,BUY,1729430440,BOB,USDT,binance
6.8,700.0,1,BUY,1729466298,BOB,USDT,binance
6.8,700.0,1,BUY,1729480154,BOB,USDT,binance
6.8,700.0,1,BUY,1729520858,BOB,USDT,binance
6.8,700.0,1,BUY,1729551792,BOB,USDT,binance
6.8,700.0,1,BUY,1729558082,BOB,USDT,binance
6.8,700.0,1,BUY,1729571854,BOB,USDT,binance
6.8,700.0,1,BUY,1729572353,BOB,USDT,binance
6.8,700.0,1,BUY,1729577699,BOB,USDT,binance
6.8,700.0,1,BUY,1729599561,BOB,USDT,binance
6.8,700.0,1,BUY,1729620840,BOB,USDT,binance
6.8,700.0,1,BUY,1729644418,BOB,USDT,binance
6.8,700.0,1,BUY,1729664098,BOB,USDT,binance
6.8,700.0,1,BUY,1729685950,BOB,USDT,binance
6.8,700.0,1,BUY,1729730794,BOB,USDT,binance
6.8,700.0,1,BUY,1729743955,BOB,USDT,binance
6.8,700.0,1,BUY,1729758460,BOB,USDT,binance
6.8,700.0,1,BUY,1729773705,BOB,USDT,binance
6.8,700.0,1,BUY,1729787134,BOB,USDT,binance
6.8,700.0,1,BUY,1729801396,BOB,USDT,binance
6.8,700.0,1,BUY,1729820549,BOB,USDT,binance
6.8,700.0,1,BUY,1729830447,BOB,USDT,binance
6.8,700.0,1,BUY,1729844838,BOB,USDT,binance
6.8,700.0,1,BUY,1729860080,BOB,USDT,binance
6.8,700.0,1,BUY,1729873608,BOB,USDT,binance
6.8,700.0,1,BUY,1729887822,BOB,USDT,binance
6.8,700.0,1,BUY,1729906742,BOB,USDT,binance
6.8,700.0,1,BUY,1729916754,BOB,USDT,binance
6.8,700.0,1,BUY,1729931080,BOB,USDT,binance
6.8,700.0,1,BUY,1729946307,BOB,USDT,binance
6.8,700.0,1,BUY,1729959873,BOB,USDT,binance
6.8,700.0,1,BUY,1729974065,BOB,USDT,binance
6.8,700.0,1,BUY,1729993668,BOB,USDT,binance
6.8,700.0,1,BUY,1730003135,BOB,USDT,binance
6.8,700.0,1,BUY,1730017603,BOB,USDT,binance
6.8,700.0,1,BUY,1730032701,BOB,USDT,binance
6.8,700.0,1,BUY,1730046368,BOB,USDT,binance
6.8,700.0,1,BUY,1730060555,BOB,USDT,binance
6.8,700.0,1,BUY,1730079969,BOB,USDT,binance
6.8,700.0,1,BUY,1730089605,BOB,USDT,binance
6.8,700.0,1,BUY,1730104117,BOB,USDT,binance
6.8,700.0,1,BUY,1730119401,BOB,USDT,binance
6.8,700.0,1,BUY,1730132858,BOB,USDT,binance
6.8,700.0,1,BUY,1730147011,BOB,USDT,binance
6.8,700.0,1,BUY,1730166231,BOB,USDT,binance
6.8,700.0,1,BUY,1730175979,BOB,USDT,binance
6.8,700.0,1,BUY,1730190467,BOB,USDT,binance
6.8,700.0,1,BUY,1730205746,BOB,USDT,binance
6.8,700.0,1,BUY,1730219263,BOB,USDT,binance
6.8,700.0,1,BUY,1730233397,BOB,USDT,binance
6.8,700.0,1,BUY,1730252566,BOB,USDT,binance
6.8,700.0,1,BUY,1730262365,BOB,USDT,binance
6.8,700.0,1,BUY,1730276997,BOB,USDT,binance
6.8,700.0,1,BUY,1730292124,BOB,USDT,binance
6.8,700.0,1,BUY,1730305645,BOB,USDT,binance
6.8,700.0,1,BUY,1730306554,BOB,USDT,binance
6.8,700.0,1,BUY,1730319776,BOB,USDT,binance
6.8,700.0,1,BUY,1730339021,BOB,USDT,binance
6.8,700.0,1,BUY,1730348784,BOB,USDT,binance
6.8,700.0,1,BUY,1730363130,BOB,USDT,binance
6.8,700.0,1,BUY,1730378489,BOB,USDT,binance
6.8,700.0,1,BUY,1730392032,BOB,USDT,binance
6.8,700.0,1,BUY,1730406107,BOB,USDT,binance
6.8,700.0,1,BUY,1730425768,BOB,USDT,binance
6.8,700.0,1,BUY,1730435133,BOB,USDT,binance
6.8,700.0,1,BUY,1730449589,BOB,USDT,binance
6.8,700.0,1,BUY,1730464797,BOB,USDT,binance
6.8,700.0,1,BUY,1730478353,BOB,USDT,binance
6.8,700.0,1,BUY,1730492559,BOB,USDT,binance
6.8,700.0,1,BUY,1730511614,BOB,USDT,binance
6.8,700.0,1,BUY,1730521564,BOB,USDT,binance
6.8,700.0,1,BUY,1730535931,BOB,USDT,binance
6.8,700.0,1,BUY,1730551119,BOB,USDT,binance
6.8,700.0,1,BUY,1730564737,BOB,USDT,binance
6.8,700.0,1,BUY,1730578902,BOB,USDT,binance
6.8,700.0,1,BUY,1730598471,BOB,USDT,binance
6.8,700.0,1,BUY,1730607885,BOB,USDT,binance
6.8,700.0,1,BUY,1730622250,BOB,USDT,binance
6.8,700.0,1,BUY,1730637471,BOB,USDT,binance
6.8,700.0,1,BUY,1730651075,BOB,USDT,binance
6.8,700.0,1,BUY,1730665277,BOB,USDT,binance
6.8,700.0,1,BUY,1730684651,BOB,USDT,binance
6.8,700.0,1,BUY,1730694343,BOB,USDT,binance
6.8,700.0,1,BUY,1730708854,BOB,USDT,binance
6.8,700.0,1,BUY,1730724158,BOB,USDT,binance
6.8,700.0,1,BUY,1730737589,BOB,USDT,binance
6.8,700.0,1,BUY,1730751731,BOB,USDT,binance
6.8,700.0,1,BUY,1730770807,BOB,USDT,binance
6.8,700.0,1,BUY,1730780720,BOB,USDT,binance
6.8,700.0,1,BUY,1730795209,BOB,USDT,binance
6.8,700.0,1,BUY,1730810358,BOB,USDT,binance
6.8,700.0,1,BUY,1730824032,BOB,USDT,binance
6.8,700.0,1,BUY,1730838149,BOB,USDT,binance
6.8,700.0,1,BUY,1730852476,BOB,USDT,binance
6.86,498.53,1,BUY,1729356308,BOB,USDT,binance
6.86,498.53,1,BUY,1729365179,BOB,USDT,binance
6.86,498.53,1,BUY,1729382603,BOB,USDT,binance
6.86,498.53,1,BUY,1729430440,BOB,USDT,binance
6.86,498.53,1,BUY,1729466298,BOB,USDT,binance
6.86,498.53,1,BUY,1729480154,BOB,USDT,binance
6.86,498.53,1,BUY,1729520858,BOB,USDT,binance
6.86,498.53,1,BUY,1729551792,BOB,USDT,binance
6.86,498.53,1,BUY,1729558082,BOB,USDT,binance
6.86,498.53,1,BUY,1729571854,BOB,USDT,binance
6.86,498.53,1,BUY,1729572353,BOB,USDT,binance
6.86,498.53,1,BUY,1729577699,BOB,USDT,binance
6.86,498.53,1,BUY,1729599561,BOB,USDT,binance
6.86,498.53,1,BUY,1729620840,BOB,USDT,binance
6.86,498.53,1,BUY,1729644418,BOB,USDT,binance
6.86,498.53,1,BUY,1729664098,BOB,USDT,binance
6.86,498.53,1,BUY,1729685950,BOB,USDT,binance
6.86,498.53,1,BUY,1729730794,BOB,USDT,binance
6.86,498.53,1,BUY,1729743955,BOB,USDT,binance
6.86,498.53,1,BUY,1729758460,BOB,USDT,binance
6.86,498.53,1,BUY,1729773705,BOB,USDT,binance
6.86,498.53,1,BUY,1729787134,BOB,USDT,binance
6.86,498.53,1,BUY,1729801396,BOB,USDT,binance
6.86,498.53,1,BUY,1729820549,BOB,USDT,binance
6.86,498.53,1,BUY,1729830447,BOB,USDT,binance
6.86,498.53,1,BUY,1729844838,BOB,USDT,binance
6.86,498.53,1,BUY,1729860080,BOB,USDT,binance
6.86,498.53,1,BUY,1729873608,BOB,USDT,binance
6.86,498.53,1,BUY,1729887822,BOB,USDT,binance
6.86,498.53,1,BUY,1729906742,BOB,USDT,binance
6.86,498.53,1,BUY,1729916754,BOB,USDT,binance
6.86,498.53,1,BUY,1729931080,BOB,USDT,binance
6.86,498.53,1,BUY,1729946307,BOB,USDT,binance
6.86,498.53,1,BUY,1729959873,BOB,USDT,binance
6.86,498.53,1,BUY,1729974065,BOB,USDT,binance
6.86,498.53,1,BUY,1729993668,BOB,USDT,binance
6.86,498.53,1,BUY,1730003135,BOB,USDT,binance
6.86,498.53,1,BUY,1730017603,BOB,USDT,binance
6.86,498.53,1,BUY,1730032701,BOB,USDT,binance
6.86,498.53,1,BUY,1730046368,BOB,USDT,binance
6.86,498.53,1,BUY,1730060555,BOB,USDT,binance
6.86,498.53,1,BUY,1730079969,BOB,USDT,binance
6.86,498.53,1,BUY,1730089605,BOB,USDT,binance
6.86,498.53,1,BUY,1730104117,BOB,USDT,binance
6.86,498.53,1,BUY,1730119401,BOB,USDT,binance
6.86,498.53,1,BUY,1730132858,BOB,USDT,binance
6.86,498.53,1,BUY,1730147011,BOB,USDT,binance
6.86,498.53,1,BUY,1730166231,BOB,USDT,binance
6.86,498.53,1,BUY,1730175979,BOB,USDT,binance
6.86,498.53,1,BUY,1730190467,BOB,USDT,binance
6.86,498.53,1,BUY,1730205746,BOB,USDT,binance
6.86,498.53,1,BUY,1730219263,BOB,USDT,binance
6.86,498.53,1,BUY,1730233397,BOB,USDT,binance
6.86,498.53,1,BUY,1730252566,BOB,USDT,binance
6.86,498.53,1,BUY,1730262365,BOB,USDT,binance
6.86,498.53,1,BUY,1730276997,BOB,USDT,binance
6.86,498.53,1,BUY,1730292124,BOB,USDT,binance
6.86,498.53,1,BUY,1730305645,BOB,USDT,binance
6.86,498.53,1,BUY,1730306554,BOB,USDT,binance
6.86,498.53,1,BUY,1730319776,BOB,USDT,binance
6.86,498.53,1,BUY,1730339021,BOB,USDT,binance
6.86,498.53,1,BUY,1730348784,BOB,USDT,binance
6.86,498.53,1,BUY,1730363130,BOB,USDT,binance
6.86,498.53,1,BUY,1730378489,BOB,USDT,binance
6.86,498.53,1,BUY,1730392032,BOB,USDT,binance
6.86,498.53,1,BUY,1730406107,BOB,USDT,binance
6.86,498.53,1,BUY,1730425768,BOB,USDT,binance
6.86,498.53,1,BUY,1730435133,BOB,USDT,binance
6.86,498.53,1,BUY,1730449589,BOB,USDT,binance
6.86,498.53,1,BUY,1730464797,BOB,USDT,binance
6.86,498.53,1,BUY,1730478353,BOB,USDT,binance
6.86,498.53,1,BUY,1730492559,BOB,USDT,binance
6.86,498.53,1,BUY,1730511614,BOB,USDT,binance
6.86,498.53,1,BUY,1730521564,BOB,USDT,binance
6.86,498.53,1,BUY,1730535931,BOB,USDT,binance
6.86,498.53,1,BUY,1730551119,BOB,USDT,binance
6.86,498.53,1,BUY,1730564737,BOB,USDT,binance
6.86,498.53,1,BUY,1730578902,BOB,USDT,binance
6.86,498.53,1,BUY,1730598471,BOB,USDT,binance
6.86,498.53,1,BUY,1730607885,BOB,USDT,binance
6.86,498.53,1,BUY,1730622250,BOB,USDT,binance
6.86,498.53,1,BUY,1730637471,BOB,USDT,binance
6.86,498.53,1,BUY,1730651075,BOB,USDT,binance
6.86,498.53,1,BUY,1730665277,BOB,USDT,binance
6.86,498.53,1,BUY,1730684651,BOB,USDT,binance
6.86,498.53,1,BUY,1730694343,BOB,USDT,binance
6.86,498.53,1,BUY,1730708854,BOB,USDT,binance
6.86,498.53,1,BUY,1730724158,BOB,USDT,binance
6.86,498.53,1,BUY,1730737589,BOB,USDT,binance
6.86,498.53,1,BUY,1730751731,BOB,USDT,binance
6.86,498.53,1,BUY,1730770807,BOB,USDT,binance
6.86,498.53,1,BUY,1730780720,BOB,USDT,binance
6.86,498.53,1,BUY,1730795209,BOB,USDT,binance
6.86,498.53,1,BUY,1730810358,BOB,USDT,binance
6.86,498.53,1,BUY,1730824032,BOB,USDT,binance
6.86,498.53,1,BUY,1730838149,BOB,USDT,binance
6.86,498.53,1,BUY,1730852476,BOB,USDT,binance
6.88,100.0,1,BUY,1729480154,BOB,USDT,binance
6.89,300.0,2,BUY,1729356308,BOB,USDT,binance
6.89,300.0,2,BUY,1729365179,BOB,USDT,binance
6.89,300.0,2,BUY,1729382603,BOB,USDT,binance
6.89,300.0,2,BUY,1729430440,BOB,USDT,binance
6.89,200.0,1,BUY,1729466298,BOB,USDT,binance
6.89,200.0,1,BUY,1729480154,BOB,USDT,binance
6.89,300.0,2,BUY,1729520858,BOB,USDT,binance
6.89,300.0,2,BUY,1729551792,BOB,USDT,binance
6.89,300.0,2,BUY,1729558082,BOB,USDT,binance
6.89,300.0,2,BUY,1729571854,BOB,USDT,binance
6.89,300.0,2,BUY,1729572353,BOB,USDT,binance
6.89,300.0,2,BUY,1729577699,BOB,USDT,binance
6.89,300.0,2,BUY,1729599561,BOB,USDT,binance
6.89,300.0,2,BUY,1729620840,BOB,USDT,binance
6.89,300.0,2,BUY,1729644418,BOB,USDT,binance
6.89,300.0,2,BUY,1729664098,BOB,USDT,binance
6.89,200.0,1,BUY,1729685950,BOB,USDT,binance
6.89,300.0,2,BUY,1729730794,BOB,USDT,binance
6.89,300.0,2,BUY,1729743955,BOB,USDT,binance
6.89,300.0,2,BUY,1729758460,BOB,USDT,binance
6.89,200.0,1,BUY,1729773705,BOB,USDT,binance
6.89,200.0,1,BUY,1729787134,BOB,USDT,binance
6.89,200.0,1,BUY,1729801396,BOB,USDT,binance
6.89,200.0,1,BUY,1729820549,BOB,USDT,binance
6.89,200.0,1,BUY,1729830447,BOB,USDT,binance
6.89,200.0,1,BUY,1729844838,BOB,USDT,binance
6.89,200.0,1,BUY,1729860080,BOB,USDT,binance
6.89,200.0,1,BUY,1729873608,BOB,USDT,binance
6.89,200.0,1,BUY,1729887822,BOB,USDT,binance
6.89,200.0,1,BUY,1729906742,BOB,USDT,binance
6.89,200.0,1,BUY,1729916754,BOB,USDT,binance
6.89,200.0,1,BUY,1729931080,BOB,USDT,binance
6.89,200.0,1,BUY,1729946307,BOB,USDT,binance
6.89,200.0,1,BUY,1729959873,BOB,USDT,binance
6.89,200.0,1,BUY,1729974065,BOB,USDT,binance
6.89,200.0,1,BUY,1729993668,BOB,USDT,binance
6.89,200.0,1,BUY,1730003135,BOB,USDT,binance
6.89,200.0,1,BUY,1730017603,BOB,USDT,binance
6.89,200.0,1,BUY,1730032701,BOB,USDT,binance
6.89,200.0,1,BUY,1730046368,BOB,USDT,binance
6.89,200.0,1,BUY,1730060555,BOB,USDT,binance
6.89,200.0,1,BUY,1730079969,BOB,USDT,binance
6.89,200.0,1,BUY,1730089605,BOB,USDT,binance
6.89,200.0,1,BUY,1730104117,BOB,USDT,binance
6.89,300.0,2,BUY,1730119401,BOB,USDT,binance
6.89,300.0,2,BUY,1730132858,BOB,USDT,binance
6.89,300.0,2,BUY,1730147011,BOB,USDT,binance
6.89,300.0,2,BUY,1730166231,BOB,USDT,binance
6.89,300.0,2,BUY,1730175979,BOB,USDT,binance
6.89,300.0,2,BUY,1730190467,BOB,USDT,binance
6.89,300.0,2,BUY,1730205746,BOB,USDT,binance
6.89,300.0,2,BUY,1730219263,BOB,USDT,binance
6.89,300.0,2,BUY,1730233397,BOB,USDT,binance
6.89,300.0,2,BUY,1730252566,BOB,USDT,binance
6.89,300.0,2,BUY,1730262365,BOB,USDT,binance
6.89,300.0,2,BUY,1730276997,BOB,USDT,binance
6.89,300.0,2,BUY,1730292124,BOB,USDT,binance
6.89,300.0,2,BUY,1730305645,BOB,USDT,binance
6.89,300.0,2,BUY,1730306554,BOB,USDT,binance
6.89,300.0,2,BUY,1730319776,BOB,USDT,binance
6.89,300.0,2,BUY,1730339021,BOB,USDT,binance
6.89,300.0,2,BUY,1730348784,BOB,USDT,binance
6.89,300.0,2,BUY,1730363130,BOB,USDT,binance
6.89,300.0,2,BUY,1730378489,BOB,USDT,binance
6.89,300.0,2,BUY,1730392032,BOB,USDT,binance
6.89,300.0,2,BUY,1730406107,BOB,USDT,binance
6.89,300.0,2,BUY,1730425768,BOB,USDT,binance
6.89,300.0,2,BUY,1730435133,BOB,USDT,binance
6.89,300.0,2,BUY,1730449589,BOB,USDT,binance
6.89,300.0,2,BUY,1730464797,BOB,USDT,binance
6.89,300.0,2,BUY,1730478353,BOB,USDT,binance
6.89,300.0,2,BUY,1730492559,BOB,USDT,binance
6.89,300.0,2,BUY,1730511614,BOB,USDT,binance
6.89,300.0,2,BUY,1730521564,BOB,USDT,binance
6.89,300.0,2,BUY,1730535931,BOB,USDT,binance
6.89,300.0,2,BUY,1730551119,BOB,USDT,binance
6.89,200.0,1,BUY,1730564737,BOB,USDT,binance
6.89,200.0,1,BUY,1730578902,BOB,USDT,binance
6.89,200.0,1,BUY,1730598471,BOB,USDT,binance
6.89,200.0,1,BUY,1730607885,BOB,USDT,binance
6.89,200.0,1,BUY,1730622250,BOB,USDT,binance
6.89,200.0,1,BUY,1730637471,BOB,USDT,binance
6.89,200.0,1,BUY,1730651075,BOB,USDT,binance
6.89,200.0,1,BUY,1730665277,BOB,USDT,binance
6.89,200.0,1,BUY,1730684651,BOB,USDT,binance
6.89,200.0,1,BUY,1730694343,BOB,USDT,binance
6.89,200.0,1,BUY,1730708854,BOB,USDT,binance
6.89,200.0,1,BUY,1730724158,BOB,USDT,binance
6.89,200.0,1,BUY,1730737589,BOB,USDT,binance
6.89,200.0,1,BUY,1730751731,BOB,USDT,binance
6.89,200.0,1,BUY,1730770807,BOB,USDT,binance
6.89,200.0,1,BUY,1730780720,BOB,USDT,binance
6.89,200.0,1,BUY,1730795209,BOB,USDT,binance
6.89,200.0,1,BUY,1730810358,BOB,USDT,binance
6.89,200.0,1,BUY,1730824032,BOB,USDT,binance
6.89,200.0,1,BUY,1730838149,BOB,USDT,binance
6.89,200.0,1,BUY,1730852476,BOB,USDT,binance
6.9,190.0,1,BUY,1729356308,BOB,USDT,binance
6.9,190.0,1,BUY,1729365179,BOB,USDT,binance
6.9,190.0,1,BUY,1729382603,BOB,USDT,binance
6.9,190.0,1,BUY,1729430440,BOB,USDT,binance
6.9,190.0,1,BUY,1729466298,BOB,USDT,binance
6.9,190.0,1,BUY,1729480154,BOB,USDT,binance
6.9,190.0,1,BUY,1729520858,BOB,USDT,binance
6.9,190.0,1,BUY,1729551792,BOB,USDT,binance
6.9,190.0,1,BUY,1729558082,BOB,USDT,binance
6.9,190.0,1,BUY,1729571854,BOB,USDT,binance
6.9,190.0,1,BUY,1729572353,BOB,USDT,binance
6.9,190.0,1,BUY,1729577699,BOB,USDT,binance
6.9,190.0,1,BUY,1729599561,BOB,USDT,binance
6.9,190.0,1,BUY,1729620840,BOB,USDT,binance
6.9,190.0,1,BUY,1729644418,BOB,USDT,binance
6.9,190.0,1,BUY,1729664098,BOB,USDT,binance
6.9,290.0,2,BUY,1729685950,BOB,USDT,binance
6.9,190.0,1,BUY,1729730794,BOB,USDT,binance
6.9,190.0,1,BUY,1729743955,BOB,USDT,binance
6.9,190.0,1,BUY,1729758460,BOB,USDT,binance
6.9,290.0,2,BUY,1729773705,BOB,USDT,binance
6.9,290.0,2,BUY,1729787134,BOB,USDT,binance
6.9,290.0,2,BUY,1729801396,BOB,USDT,binance
6.9,290.0,2,BUY,1729820549,BOB,USDT,binance
6.9,290.0,2,BUY,1729830447,BOB,USDT,binance
6.9,290.0,2,BUY,1729844838,BOB,USDT,binance
6.9,290.0,2,BUY,1729860080,BOB,USDT,binance
6.9,290.0,2,BUY,1729873608,BOB,USDT,binance
6.9,290.0,2,BUY,1729887822,BOB,USDT,binance
6.9,290.0,2,BUY,1729906742,BOB,USDT,binance
6.9,290.0,2,BUY,1729916754,BOB,USDT,binance
6.9,290.0,2,BUY,1729931080,BOB,USDT,binance
6.9,190.0,1,BUY,1729946307,BOB,USDT,binance
6.9,190.0,1,BUY,1729959873,BOB,USDT,binance
6.9,190.0,1,BUY,1729974065,BOB,USDT,binance
6.9,190.0,1,BUY,1729993668,BOB,USDT,binance
6.9,190.0,1,BUY,1730003135,BOB,USDT,binance
6.9,190.0,1,BUY,1730017603,BOB,USDT,binance
6.9,190.0,1,BUY,1730032701,BOB,USDT,binance
6.9,190.0,1,BUY,1730046368,BOB,USDT,binance
6.9,290.0,2,BUY,1730060555,BOB,USDT,binance
6.9,290.0,2,BUY,1730079969,BOB,USDT,binance
6.9,290.0,2,BUY,1730089605,BOB,USDT,binance
6.9,290.0,2,BUY,1730104117,BOB,USDT,binance
6.9,190.0,1,BUY,1730119401,BOB,USDT,binance
6.9,190.0,1,BUY,1730132858,BOB,USDT,binance
6.9,190.0,1,BUY,1730147011,BOB,USDT,binance
6.9,190.0,1,BUY,1730166231,BOB,USDT,binance
6.9,190.0,1,BUY,1730175979,BOB,USDT,binance
6.9,190.0,1,BUY,1730190467,BOB,USDT,binance
6.9,190.0,1,BUY,1730205746,BOB,USDT,binance
6.9,190.0,1,BUY,1730219263,BOB,USDT,binance
6.9,190.0,1,BUY,1730233397,BOB,USDT,binance
6.9,190.0,1,BUY,1730252566,BOB,USDT,binance
6.9,190.0,1,BUY,1730262365,BOB,USDT,binance
6.9,190.0,1,BUY,1730276997,BOB,USDT,binance
6.9,190.0,1,BUY,1730292124,BOB,USDT,binance
6.9,190.0,1,BUY,1730305645,BOB,USDT,binance
6.9,190.0,1,BUY,1730306554,BOB,USDT,binance
6.9,190.0,1,BUY,1730319776,BOB,USDT,binance
6.9,190.0,1,BUY,1730339021,BOB,USDT,binance
6.9,190.0,1,BUY,1730348784,BOB,USDT,binance
6.9,190.0,1,BUY,1730363130,BOB,USDT,binance
6.9,190.0,1,BUY,1730378489,BOB,USDT,binance
6.9,190.0,1,BUY,1730392032,BOB,USDT,binance
6.9,190.0,1,BUY,1730406107,BOB,USDT,binance
6.9,190.0,1,BUY,1730425768,BOB,USDT,binance
6.9,190.0,1,BUY,1730435133,BOB,USDT,binance
6.9,190.0,1,BUY,1730449589,BOB,USDT,binance
6.9,190.0,1,BUY,1730464797,BOB,USDT,binance
6.9,190.0,1,BUY,1730478353,BOB,USDT,binance
6.9,190.0,1,BUY,1730492559,BOB,USDT,binance
6.9,190.0,1,BUY,1730511614,BOB,USDT,binance
6.9,190.0,1,BUY,1730521564,BOB,USDT,binance
6.9,190.0,1,BUY,1730535931,BOB,USDT,binance
6.9,190.0,1,BUY,1730551119,BOB,USDT,binance
6.9,190.0,1,BUY,1730564737,BOB,USDT,binance
6.9,190.0,1,BUY,1730578902,BOB,USDT,binance
6.9,190.0,1,BUY,1730598471,BOB,USDT,binance
6.9,190.0,1,BUY,1730607885,BOB,USDT,binance
6.9,190.0,1,BUY,1730622250,BOB,USDT,binance
6.9,190.0,1,BUY,1730637471,BOB,USDT,binance
6.9,190.0,1,BUY,1730651075,BOB,USDT,binance
6.9,290.0,2,BUY,1730665277,BOB,USDT,binance
6.9,290.0,2,BUY,1730684651,BOB,USDT,binance
6.9,290.0,2,BUY,1730694343,BOB,USDT,binance
6.9,290.0,2,BUY,1730708854,BOB,USDT,binance
6.9,290.0,2,BUY,1730724158,BOB,USDT,binance
6.9,290.0,2,BUY,1730737589,BOB,USDT,binance
6.9,290.0,2,BUY,1730751731,BOB,USDT,binance
6.9,290.0,2,BUY,1730770807,BOB,USDT,binance
6.9,290.0,2,BUY,1730780720,BOB,USDT,binance
6.9,290.0,2,BUY,1730795209,BOB,USDT,binance
6.9,190.0,1,BUY,1730810358,BOB,USDT,binance
6.9,190.0,1,BUY,1730824032,BOB,USDT,binance
6.9,190.0,1,BUY,1730838149,BOB,USDT,binance
6.9,190.0,1,BUY,1730852476,BOB,USDT,binance
6.91,20000.0,1,BUY,1729356308,BOB,USDT,binance
6.91,20000.0,1,BUY,1729365179,BOB,USDT,binance
6.91,20000.0,1,BUY,1729382603,BOB,USDT,binance
6.91,20000.0,1,BUY,1729430440,BOB,USDT,binance
6.91,20100.0,2,BUY,1729466298,BOB,USDT,binance
6.91,20000.0,1,BUY,1729480154,BOB,USDT,binance
6.91,20000.0,1,BUY,1729520858,BOB,USDT,binance
6.91,20000.0,1,BUY,1729551792,BOB,USDT,binance
6.91,20000.0,1,BUY,1729558082,BOB,USDT,binance
6.91,20000.0,1,BUY,1729571854,BOB,USDT,binance
6.91,20000.0,1,BUY,1729572353,BOB,USDT,binance
6.91,20000.0,1,BUY,1729577699,BOB,USDT,binance
6.91,20000.0,1,BUY,1729599561,BOB,USDT,binance
6.91,20000.0,1,BUY,1729620840,BOB,USDT,binance
6.91,20000.0,1,BUY,1729644418,BOB,USDT,binance
6.91,20000.0,1,BUY,1729664098,BOB,USDT,binance
6.91,20000.0,1,BUY,1729685950,BOB,USDT,binance
6.91,20000.0,1,BUY,1729730794,BOB,USDT,binance
6.91,20000.0,1,BUY,1729743955,BOB,USDT,binance
6.91,20000.0,1,BUY,1729758460,BOB,USDT,binance
6.91,20000.0,1,BUY,1729773705,BOB,USDT,binance
6.91,20000.0,1,BUY,1729787134,BOB,USDT,binance
6.91,20000.0,1,BUY,1729801396,BOB,USDT,binance
6.91,20000.0,1,BUY,1729820549,BOB,USDT,binance
6.91,20000.0,1,BUY,1729830447,BOB,USDT,binance
6.91,20000.0,1,BUY,1729844838,BOB,USDT,binance
6.91,20000.0,1,BUY,1729860080,BOB,USDT,binance
6.91,20000.0,1,BUY,1729873608,BOB,USDT,binance
6.91,20000.0,1,BUY,1729887822,BOB,USDT,binance
6.91,20000.0,1,BUY,1729906742,BOB,USDT,binance
6.91,20000.0,1,BUY,1729916754,BOB,USDT,binance
6.91,20000.0,1,BUY,1729931080,BOB,USDT,binance
6.91,20000.0,1,BUY,1729946307,BOB,USDT,binance
6.91,20000.0,1,BUY,1729959873,BOB,USDT,binance
6.91,20000.0,1,BUY,1729974065,BOB,USDT,binance
6.91,20000.0,1,BUY,1729993668,BOB,USDT,binance
6.91,20000.0,1,BUY,1730003135,BOB,USDT,binance
6.91,20000.0,1,BUY,1730017603,BOB,USDT,binance
6.91,20000.0,1,BUY,1730032701,BOB,USDT,binance
6.91,20000.0,1,BUY,1730046368,BOB,USDT,binance
6.91,20000.0,1,BUY,1730060555,BOB,USDT,binance
6.91,20000.0,1,BUY,1730079969,BOB,USDT,binance
6.91,20000.0,1,BUY,1730089605,BOB,USDT,binance
6.91,20000.0,1,BUY,1730104117,BOB,USDT,binance
6.91,20000.0,1,BUY,1730119401,BOB,USDT,binance
6.91,20000.0,1,BUY,1730132858,BOB,USDT,binance
6.91,20000.0,1,BUY,1730147011,BOB,USDT,binance
6.91,20000.0,1,BUY,1730166231,BOB,USDT,binance
6.91,20000.0,1,BUY,1730175979,BOB,USDT,binance
6.91,20000.0,1,BUY,1730190467,BOB,USDT,binance
6.91,20000.0,1,BUY,1730205746,BOB,USDT,binance
6.91,20000.0,1,BUY,1730219263,BOB,USDT,binance
6.91,20000.0,1,BUY,1730233397,BOB,USDT,binance
6.91,20000.0,1,BUY,1730252566,BOB,USDT,binance
6.91,20000.0,1,BUY,1730262365,BOB,USDT,binance
6.91,20000.0,1,BUY,1730276997,BOB,USDT,binance
6.91,20000.0,1,BUY,1730292124,BOB,USDT,binance
6.91,20000.0,1,BUY,1730305645,BOB,USDT,binance
6.91,20000.0,1,BUY,1730306554,BOB,USDT,binance
6.91,20000.0,1,BUY,1730319776,BOB,USDT,binance
6.91,20000.0,1,BUY,1730339021,BOB,USDT,binance
6.91,20000.0,1,BUY,1730348784,BOB,USDT,binance
6.91,20000.0,1,BUY,1730363130,BOB,USDT,binance
6.91,20000.0,1,BUY,1730378489,BOB,USDT,binance
6.91,20000.0,1,BUY,1730392032,BOB,USDT,binance
6.91,20000.0,1,BUY,1730406107,BOB,USDT,binance
6.91,20000.0,1,BUY,1730425768,BOB,USDT,binance
6.91,20000.0,1,BUY,1730435133,BOB,USDT,binance
6.91,20000.0,1,BUY,1730449589,BOB,USDT,binance
6.91,20000.0,1,BUY,1730464797,BOB,USDT,binance
6.91,20000.0,1,BUY,1730478353,BOB,USDT,binance
6.91,20000.0,1,BUY,1730492559,BOB,USDT,binance
6.91,20000.0,1,BUY,1730511614,BOB,USDT,binance
6.91,20000.0,1,BUY,1730521564,BOB,USDT,binance
6.91,20000.0,1,BUY,1730535931,BOB,USDT,binance
6.91,20000.0,1,BUY,1730551119,BOB,USDT,binance
6.91,20100.0,2,BUY,1730564737,BOB,USDT,binance
6.91,20100.0,2,BUY,1730578902,BOB,USDT,binance
6.91,20100.0,2,BUY,1730598471,BOB,USDT,binance
6.91,20100.0,2,BUY,1730607885,BOB,USDT,binance
6.91,20100.0,2,BUY,1730622250,BOB,USDT,binance
6.91,20100.0,2,BUY,1730637471,BOB,USDT,binance
6.91,20100.0,2,BUY,1730651075,BOB,USDT,binance
6.91,20000.0,1,BUY,1730665277,BOB,USDT,binance
6.91,20000.0,1,BUY,1730684651,BOB,USDT,binance
6.91,20000.0,1,BUY,1730694343,BOB,USDT,binance
6.91,20000.0,1,BUY,1730708854,BOB,USDT,binance
6.91,20000.0,1,BUY,1730724158,BOB,USDT,binance
6.91,20000.0,1,BUY,1730737589,BOB,USDT,binance
6.91,20000.0,1,BUY,1730751731,BOB,USDT,binance
6.91,20000.0,1,BUY,1730770807,BOB,USDT,binance
6.91,20000.0,1,BUY,1730780720,BOB,USDT,binance
6.91,20000.0,1,BUY,1730795209,BOB,USDT,binance
6.91,20100.0,2,BUY,1730810358,BOB,USDT,binance
6.91,20100.0,2,BUY,1730824032,BOB,USDT,binance
6.91,20100.0,2,BUY,1730838149,BOB,USDT,binance
6.91,20100.0,2,BUY,1730852476,BOB,USDT,binance
6.92,100.0,1,BUY,1729946307,BOB,USDT,binance
6.92,100.0,1,BUY,1729959873,BOB,USDT,binance
6.92,100.0,1,BUY,1729974065,BOB,USDT,binance
6.92,100.0,1,BUY,1729993668,BOB,USDT,binance
6.92,100.0,1,BUY,1730003135,BOB,USDT,binance
6.92,100.0,1,BUY,1730017603,BOB,USDT,binance
6.92,100.0,1,BUY,1730032701,BOB,USDT,binance
6.92,100.0,1,BUY,1730046368,BOB,USDT,binance
6.92,500.0,1,BUY,1730175979,BOB,USDT,binance
6.92,500.0,1,BUY,1730190467,BOB,USDT,binance
6.92,500.0,1,BUY,1730205746,BOB,USDT,binance
6.92,500.0,1,BUY,1730219263,BOB,USDT,binance
6.92,500.0,1,BUY,1730233397,BOB,USDT,binance
6.92,500.0,1,BUY,1730252566,BOB,USDT,binance
6.92,500.0,1,BUY,1730262365,BOB,USDT,binance
6.92,500.0,1,BUY,1730276997,BOB,USDT,binance
6.92,500.0,1,BUY,1730292124,BOB,USDT,binance
6.92,500.0,1,BUY,1730305645,BOB,USDT,binance
6.92,500.0,1,BUY,1730306554,BOB,USDT,binance
6.92,500.0,1,BUY,1730319776,BOB,USDT,binance
6.92,500.0,1,BUY,1730339021,BOB,USDT,binance
6.92,500.0,1,BUY,1730348784,BOB,USDT,binance
6.92,500.0,1,BUY,1730363130,BOB,USDT,binance
6.93,220.0,1,BUY,1729356308,BOB,USDT,binance
6.93,220.0,1,BUY,1729365179,BOB,USDT,binance
6.93,220.0,1,BUY,1729382603,BOB,USDT,binance
6.93,220.0,1,BUY,1729430440,BOB,USDT,binance
6.93,220.0,1,BUY,1729466298,BOB,USDT,binance
6.93,220.0,1,BUY,1729480154,BOB,USDT,binance
6.93,220.0,1,BUY,1729520858,BOB,USDT,binance
6.93,220.0,1,BUY,1729551792,BOB,USDT,binance
6.93,220.0,1,BUY,1729558082,BOB,USDT,binance
6.93,220.0,1,BUY,1729571854,BOB,USDT,binance
6.93,220.0,1,BUY,1729572353,BOB,USDT,binance
6.93,220.0,1,BUY,1729577699,BOB,USDT,binance
6.93,220.0,1,BUY,1729599561,BOB,USDT,binance
6.93,220.0,1,BUY,1729620840,BOB,USDT,binance
6.93,220.0,1,BUY,1729644418,BOB,USDT,binance
6.93,220.0,1,BUY,1729664098,BOB,USDT,binance
6.93,220.0,1,BUY,1729685950,BOB,USDT,binance
6.93,220.0,1,BUY,1729730794,BOB,USDT,binance
6.93,220.0,1,BUY,1729743955,BOB,USDT,binance
6.93,220.0,1,BUY,1729758460,BOB,USDT,binance
6.93,220.0,1,BUY,1729773705,BOB,USDT,binance
6.93,220.0,1,BUY,1729787134,BOB,USDT,binance
6.93,220.0,1,BUY,1729801396,BOB,USDT,binance
6.93,220.0,1,BUY,1729820549,BOB,USDT,binance
6.93,220.0,1,BUY,1729830447,BOB,USDT,binance
6.93,220.0,1,BUY,1729844838,BOB,USDT,binance
6.93,220.0,1,BUY,1729860080,BOB,USDT,binance
6.93,220.0,1,BUY,1729873608,BOB,USDT,binance
6.93,220.0,1,BUY,1729887822,BOB,USDT,binance
6.93,220.0,1,BUY,1729906742,BOB,USDT,binance
6.93,220.0,1,BUY,1729916754,BOB,USDT,binance
6.93,220.0,1,BUY,1729931080,BOB,USDT,binance
6.93,220.0,1,BUY,1729946307,BOB,USDT,binance
6.93,220.0,1,BUY,1729959873,BOB,USDT,binance
6.93,220.0,1,BUY,1729974065,BOB,USDT,binance
6.93,220.0,1,BUY,1729993668,BOB,USDT,binance
6.93,220.0,1,BUY,1730003135,BOB,USDT,binance
6.93,220.0,1,BUY,1730017603,BOB,USDT,binance
6.93,220.0,1,BUY,1730032701,BOB,USDT,binance
6.93,220.0,1,BUY,1730046368,BOB,USDT,binance
6.93,220.0,1,BUY,1730060555,BOB,USDT,binance
6.93,220.0,1,BUY,1730079969,BOB,USDT,binance
6.93,220.0,1,BUY,1730089605,BOB,USDT,binance
6.93,220.0,1,BUY,1730104117,BOB,USDT,binance
6.93,220.0,1,BUY,1730119401,BOB,USDT,binance
6.93,220.0,1,BUY,1730132858,BOB,USDT,binance
6.93,220.0,1,BUY,1730147011,BOB,USDT,binance
6.93,220.0,1,BUY,1730166231,BOB,USDT,binance
6.93,220.0,1,BUY,1730175979,BOB,USDT,binance
6.93,220.0,1,BUY,1730190467,BOB,USDT,binance
6.93,220.0,1,BUY,1730205746,BOB,USDT,binance
6.93,220.0,1,BUY,1730219263,BOB,USDT,binance
6.93,220.0,1,BUY,1730233397,BOB,USDT,binance
6.93,220.0,1,BUY,1730252566,BOB,USDT,binance
6.93,220.0,1,BUY,1730262365,BOB,USDT,binance
6.93,220.0,1,BUY,1730276997,BOB,USDT,binance
6.93,220.0,1,BUY,1730292124,BOB,USDT,binance
6.93,220.0,1,BUY,1730305645,BOB,USDT,binance
6.93,220.0,1,BUY,1730306554,BOB,USDT,binance
6.93,220.0,1,BUY,1730319776,BOB,USDT,binance
6.93,220.0,1,BUY,1730339021,BOB,USDT,binance
6.93,220.0,1,BUY,1730348784,BOB,USDT,binance
6.93,220.0,1,BUY,1730363130,BOB,USDT,binance
6.93,220.0,1,BUY,1730378489,BOB,USDT,binance
6.93,220.0,1,BUY,1730392032,BOB,USDT,binance
6.93,220.0,1,BUY,1730406107,BOB,USDT,binance
6.93,220.0,1,BUY,1730425768,BOB,USDT,binance
6.93,220.0,1,BUY,1730435133,BOB,USDT,binance
6.93,220.0,1,BUY,1730449589,BOB,USDT,binance
6.93,220.0,1,BUY,1730464797,BOB,USDT,binance
6.93,220.0,1,BUY,1730478353,BOB,USDT,binance
6.93,220.0,1,BUY,1730492559,BOB,USDT,binance
6.93,220.0,1,BUY,1730511614,BOB,USDT,binance
6.93,220.0,1,BUY,1730521564,BOB,USDT,binance
6.93,220.0,1,BUY,1730535931,BOB,USDT,binance
6.93,220.0,1,BUY,1730551119,BOB,USDT,binance
6.93,220.0,1,BUY,1730564737,BOB,USDT,binance
6.93,220.0,1,BUY,1730578902,BOB,USDT,binance
6.93,220.0,1,BUY,1730598471,BOB,USDT,binance
6.93,220.0,1,BUY,1730607885,BOB,USDT,binance
6.93,220.0,1,BUY,1730622250,BOB,USDT,binance
6.93,220.0,1,BUY,1730637471,BOB,USDT,binance
6.93,220.0,1,BUY,1730651075,BOB,USDT,binance
6.93,220.0,1,BUY,1730665277,BOB,USDT,binance
6.93,220.0,1,BUY,1730684651,BOB,USDT,binance
6.93,220.0,1,BUY,1730694343,BOB,USDT,binance
6.93,220.0,1,BUY,1730708854,BOB,USDT,binance
6.93,220.0,1,BUY,1730724158,BOB,USDT,binance
6.93,220.0,1,BUY,1730737589,BOB,USDT,binance
6.93,220.0,1,BUY,1730751731,BOB,USDT,binance
6.93,220.0,1,BUY,1730770807,BOB,USDT,binance
6.93,220.0,1,BUY,1730780720,BOB,USDT,binance
6.93,220.0,1,BUY,1730795209,BOB,USDT,binance
6.93,220.0,1,BUY,1730810358,BOB,USDT,binance
6.93,220.0,1,BUY,1730824032,BOB,USDT,binance
6.93,220.0,1,BUY,1730838149,BOB,USDT,binance
6.93,220.0,1,BUY,1730852476,BOB,USDT,binance
6.94,141.0,1,BUY,1729356308,BOB,USDT,binance
6.94,141.0,1,BUY,1729365179,BOB,USDT,binance
6.94,141.0,1,BUY,1729382603,BOB,USDT,binance
6.94,141.0,1,BUY,1729430440,BOB,USDT,binance
6.94,141.0,1,BUY,1729466298,BOB,USDT,binance
6.94,141.0,1,BUY,1729480154,BOB,USDT,binance
6.94,141.0,1,BUY,1729520858,BOB,USDT,binance
6.94,141.0,1,BUY,1729551792,BOB,USDT,binance
6.94,141.0,1,BUY,1729558082,BOB,USDT,binance
6.94,141.0,1,BUY,1729571854,BOB,USDT,binance
6.94,141.0,1,BUY,1729572353,BOB,USDT,binance
6.94,141.0,1,BUY,1729577699,BOB,USDT,binance
6.94,141.0,1,BUY,1729599561,BOB,USDT,binance
6.94,141.0,1,BUY,1729620840,BOB,USDT,binance
6.94,141.0,1,BUY,1729644418,BOB,USDT,binance
6.94,141.0,1,BUY,1729664098,BOB,USDT,binance
6.94,141.0,1,BUY,1729685950,BOB,USDT,binance
6.94,141.0,1,BUY,1729730794,BOB,USDT,binance
6.94,141.0,1,BUY,1729743955,BOB,USDT,binance
6.94,141.0,1,BUY,1729758460,BOB,USDT,binance
6.94,141.0,1,BUY,1729773705,BOB,USDT,binance
6.94,141.0,1,BUY,1729787134,BOB,USDT,binance
6.94,141.0,1,BUY,1729801396,BOB,USDT,binance
6.94,141.0,1,BUY,1729820549,BOB,USDT,binance
6.94,141.0,1,BUY,1729830447,BOB,USDT,binance
6.94,141.0,1,BUY,1729844838,BOB,USDT,binance
6.94,141.0,1,BUY,1729860080,BOB,USDT,binance
6.94,141.0,1,BUY,1729873608,BOB,USDT,binance
6.94,141.0,1,BUY,1729887822,BOB,USDT,binance
6.94,141.0,1,BUY,1729906742,BOB,USDT,binance
6.94,141.0,1,BUY,1729916754,BOB,USDT,binance
6.94,141.0,1,BUY,1729931080,BOB,USDT,binance
6.94,141.0,1,BUY,1729946307,BOB,USDT,binance
6.94,141.0,1,BUY,1729959873,BOB,USDT,binance
6.94,141.0,1,BUY,1729974065,BOB,USDT,binance
6.94,141.0,1,BUY,1729993668,BOB,USDT,binance
6.94,141.0,1,BUY,1730003135,BOB,USDT,binance
6.94,141.0,1,BUY,1730017603,BOB,USDT,binance
6.94,141.0,1,BUY,1730032701,BOB,USDT,binance
6.94,141.0,1,BUY,1730046368,BOB,USDT,binance
6.94,141.0,1,BUY,1730060555,BOB,USDT,binance
6.94,141.0,1,BUY,1730079969,BOB,USDT,binance
6.94,141.0,1,BUY,1730089605,BOB,USDT,binance
6.94,141.0,1,BUY,1730104117,BOB,USDT,binance
6.94,141.0,1,BUY,1730119401,BOB,USDT,binance
6.94,141.0,1,BUY,1730132858,BOB,USDT,binance
6.94,141.0,1,BUY,1730147011,BOB,USDT,binance
6.94,141.0,1,BUY,1730166231,BOB,USDT,binance
6.94,141.0,1,BUY,1730175979,BOB,USDT,binance
6.94,141.0,1,BUY,1730190467,BOB,USDT,binance
6.94,141.0,1,BUY,1730205746,BOB,USDT,binance
6.94,141.0,1,BUY,1730219263,BOB,USDT,binance
6.94,141.0,1,BUY,1730233397,BOB,USDT,binance
6.94,141.0,1,BUY,1730252566,BOB,USDT,binance
6.94,141.0,1,BUY,1730262365,BOB,USDT,binance
6.94,141.0,1,BUY,1730276997,BOB,USDT,binance
6.94,141.0,1,BUY,1730292124,BOB,USDT,binance
6.94,141.0,1,BUY,1730305645,BOB,USDT,binance
6.94,141.0,1,BUY,1730306554,BOB,USDT,binance
6.94,141.0,1,BUY,1730319776,BOB,USDT,binance
6.94,141.0,1,BUY,1730339021,BOB,USDT,binance
6.94,141.0,1,BUY,1730348784,BOB,USDT,binance
6.94,141.0,1,BUY,1730363130,BOB,USDT,binance
6.94,141.0,1,BUY,1730378489,BOB,USDT,binance
6.94,141.0,1,BUY,1730392032,BOB,USDT,binance
6.94,141.0,1,BUY,1730406107,BOB,USDT,binance
6.94,141.0,1,BUY,1730425768,BOB,USDT,binance
6.94,141.0,1,BUY,1730435133,BOB,USDT,binance
6.94,141.0,1,BUY,1730449589,BOB,USDT,binance
6.94,141.0,1,BUY,1730464797,BOB,USDT,binance
6.94,141.0,1,BUY,1730478353,BOB,USDT,binance
6.94,141.0,1,BUY,1730492559,BOB,USDT,binance
6.94,141.0,1,BUY,1730511614,BOB,USDT,binance
6.94,141.0,1,BUY,1730521564,BOB,USDT,binance
6.94,141.0,1,BUY,1730535931,BOB,USDT,binance
6.94,141.0,1,BUY,1730551119,BOB,USDT,binance
6.94,141.0,1,BUY,1730564737,BOB,USDT,binance
6.94,141.0,1,BUY,1730578902,BOB,USDT,binance
6.94,141.0,1,BUY,1730598471,BOB,USDT,binance
6.94,141.0,1,BUY,1730607885,BOB,USDT,binance
6.94,141.0,1,BUY,1730622250,BOB,USDT,binance
6.94,141.0,1,BUY,1730637471,BOB,USDT,binance
6.94,141.0,1,BUY,1730651075,BOB,USDT,binance
6.94,141.0,1,BUY,1730665277,BOB,USDT,binance
6.94,141.0,1,BUY,1730684651,BOB,USDT,binance
6.94,141.0,1,BUY,1730694343,BOB,USDT,binance
6.94,141.0,1,BUY,1730708854,BOB,USDT,binance
6.94,141.0,1,BUY,1730724158,BOB,USDT,binance
6.94,141.0,1,BUY,1730737589,BOB,USDT,binance
6.94,141.0,1,BUY,1730751731,BOB,USDT,binance
6.94,141.0,1,BUY,1730770807,BOB,USDT,binance
6.94,141.0,1,BUY,1730780720,BOB,USDT,binance
6.94,141.0,1,BUY,1730795209,BOB,USDT,binance
6.94,141.0,1,BUY,1730810358,BOB,USDT,binance
6.94,141.0,1,BUY,1730824032,BOB,USDT,binance
6.94,141.0,1,BUY,1730838149,BOB,USDT,binance
6.94,141.0,1,BUY,1730852476,BOB,USDT,binance
6.98,3000.0,1,BUY,1729730794,BOB,USDT,binance
6.98,3000.0,1,BUY,1729743955,BOB,USDT,binance
6.98,3000.0,1,BUY,1729758460,BOB,USDT,binance
6.98,3000.0,1,BUY,1729773705,BOB,USDT,binance
6.98,3000.0,1,BUY,1729787134,BOB,USDT,binance
6.98,3000.0,1,BUY,1729801396,BOB,USDT,binance
6.98,3000.0,1,BUY,1729820549,BOB,USDT,binance
6.98,3000.0,1,BUY,1729830447,BOB,USDT,binance
6.98,3000.0,1,BUY,1729844838,BOB,USDT,binance
6.98,3000.0,1,BUY,1729860080,BOB,USDT,binance
6.98,3000.0,1,BUY,1729873608,BOB,USDT,binance
6.98,3000.0,1,BUY,1729887822,BOB,USDT,binance
6.98,3000.0,1,BUY,1729906742,BOB,USDT,binance
6.98,3000.0,1,BUY,1729916754,BOB,USDT,binance
6.98,3000.0,1,BUY,1729931080,BOB,USDT,binance
6.98,3000.0,1,BUY,1729946307,BOB,USDT,binance
6.98,3000.0,1,BUY,1729959873,BOB,USDT,binance
6.98,3000.0,1,BUY,1729974065,BOB,USDT,binance
6.98,3000.0,1,BUY,1729993668,BOB,USDT,binance
6.98,3000.0,1,BUY,1730003135,BOB,USDT,binance
6.98,3000.0,1,BUY,1730017603,BOB,USDT,binance
6.98,3000.0,1,BUY,1730032701,BOB,USDT,binance
6.98,3000.0,1,BUY,1730046368,BOB,USDT,binance
6.98,3000.0,1,BUY,1730060555,BOB,USDT,binance
6.98,3000.0,1,BUY,1730079969,BOB,USDT,binance
6.98,3000.0,1,BUY,1730089605,BOB,USDT,binance
6.98,3000.0,1,BUY,1730104117,BOB,USDT,binance
6.98,3000.0,1,BUY,1730119401,BOB,USDT,binance
6.98,3000.0,1,BUY,1730132858,BOB,USDT,binance
6.98,3000.0,1,BUY,1730147011,BOB,USDT,binance
6.98,3000.0,1,BUY,1730166231,BOB,USDT,binance
6.98,3000.0,1,BUY,1730175979,BOB,USDT,binance
6.98,3000.0,1,BUY,1730190467,BOB,USDT,binance
6.98,3000.0,1,BUY,1730205746,BOB,USDT,binance
6.98,3000.0,1,BUY,1730219263,BOB,USDT,binance
6.98,3000.0,1,BUY,1730233397,BOB,USDT,binance
6.98,3000.0,1,BUY,1730252566,BOB,USDT,binance
6.98,3000.0,1,BUY,1730262365,BOB,USDT,binance
6.98,3000.0,1,BUY,1730276997,BOB,USDT,binance
6.98,3000.0,1,BUY,1730292124,BOB,USDT,binance
6.98,3000.0,1,BUY,1730305645,BOB,USDT,binance
6.98,3000.0,1,BUY,1730306554,BOB,USDT,binance
6.98,3000.0,1,BUY,1730319776,BOB,USDT,binance
6.98,3000.0,1,BUY,1730339021,BOB,USDT,binance
6.98,3000.0,1,BUY,1730348784,BOB,USDT,binance
6.98,3000.0,1,BUY,1730363130,BOB,USDT,binance
6.98,3000.0,1,BUY,1730378489,BOB,USDT,binance
6.98,3000.0,1,BUY,1730392032,BOB,USDT,binance
6.98,3000.0,1,BUY,1730406107,BOB,USDT,binance
6.98,3000.0,1,BUY,1730425768,BOB,USDT,binance
6.98,3000.0,1,BUY,1730435133,BOB,USDT,binance
6.98,3000.0,1,BUY,1730449589,BOB,USDT,binance
6.98,3000.0,1,BUY,1730464797,BOB,USDT,binance
6.98,3000.0,1,BUY,1730478353,BOB,USDT,binance
6.98,3000.0,1,BUY,1730492559,BOB,USDT,binance
6.98,3000.0,1,BUY,1730511614,BOB,USDT,binance
6.98,3000.0,1,BUY,1730521564,BOB,USDT,binance
6.98,3000.0,1,BUY,1730535931,BOB,USDT,binance
6.98,3000.0,1,BUY,1730551119,BOB,USDT,binance
6.98,3000.0,1,BUY,1730564737,BOB,USDT,binance
6.98,3000.0,1,BUY,1730578902,BOB,USDT,binance
6.98,3000.0,1,BUY,1730598471,BOB,USDT,binance
6.98,3000.0,1,BUY,1730607885,BOB,USDT,binance
6.98,3000.0,1,BUY,1730622250,BOB,USDT,binance
6.98,3000.0,1,BUY,1730637471,BOB,USDT,binance
6.98,3000.0,1,BUY,1730651075,BOB,USDT,binance
6.98,3000.0,1,BUY,1730665277,BOB,USDT,binance
6.98,3000.0,1,BUY,1730684651,BOB,USDT,binance
6.98,3000.0,1,BUY,1730694343,BOB,USDT,binance
6.98,3000.0,1,BUY,1730708854,BOB,USDT,binance
6.98,3000.0,1,BUY,1730724158,BOB,USDT,binance
6.98,3000.0,1,BUY,1730737589,BOB,USDT,binance
6.98,3000.0,1,BUY,1730751731,BOB,USDT,binance
6.98,3000.0,1,BUY,1730770807,BOB,USDT,binance
6.98,3000.0,1,BUY,1730780720,BOB,USDT,binance
6.98,3000.0,1,BUY,1730795209,BOB,USDT,binance
6.98,3000.0,1,BUY,1730810358,BOB,USDT,binance
6.98,3000.0,1,BUY,1730824032,BOB,USDT,binance
6.98,3000.0,1,BUY,1730838149,BOB,USDT,binance
6.98,3000.0,1,BUY,1730852476,BOB,USDT,binance
7.0,10755.48,6,BUY,1729356308,BOB,USDT,binance
7.0,10755.48,6,BUY,1729365179,BOB,USDT,binance
7.0,10755.48,6,BUY,1729382603,BOB,USDT,binance
7.0,10755.48,6,BUY,1729430440,BOB,USDT,binance
7.0,10755.48,6,BUY,1729466298,BOB,USDT,binance
7.0,10755.48,6,BUY,1729480154,BOB,USDT,binance
7.0,10755.48,6,BUY,1729520858,BOB,USDT,binance
7.0,10755.48,6,BUY,1729551792,BOB,USDT,binance
7.0,10755.48,6,BUY,1729558082,BOB,USDT,binance
7.0,10755.48,6,BUY,1729571854,BOB,USDT,binance
7.0,10755.48,6,BUY,1729572353,BOB,USDT,binance
7.0,10755.48,6,BUY,1729577699,BOB,USDT,binance
7.0,10755.48,6,BUY,1729599561,BOB,USDT,binance
7.0,10755.48,6,BUY,1729620840,BOB,USDT,binance
7.0,10755.48,6,BUY,1729644418,BOB,USDT,binance
7.0,10755.48,6,BUY,1729664098,BOB,USDT,binance
7.0,10755.48,6,BUY,1729685950,BOB,USDT,binance
7.0,10755.48,6,BUY,1729730794,BOB,USDT,binance
7.0,10755.48,6,BUY,1729743955,BOB,USDT,binance
7.0,10755.48,6,BUY,1729758460,BOB,USDT,binance
7.0,10755.48,6,BUY,1729773705,BOB,USDT,binance
7.0,10755.48,6,BUY,1729787134,BOB,USDT,binance
7.0,10755.48,6,BUY,1729801396,BOB,USDT,binance
7.0,10755.48,6,BUY,1729820549,BOB,USDT,binance
7.0,10755.48,6,BUY,1729830447,BOB,USDT,binance
7.0,10755.48,6,BUY,1729844838,BOB,USDT,binance
7.0,10755.48,6,BUY,1729860080,BOB,USDT,binance
7.0,10755.48,6,BUY,1729873608,BOB,USDT,binance
7.0,10755.48,6,BUY,1729887822,BOB,USDT,binance
7.0,10755.48,6,BUY,1729906742,BOB,USDT,binance
7.0,10755.48,6,BUY,1729916754,BOB,USDT,binance
7.0,10755.48,6,BUY,1729931080,BOB,USDT,binance
7.0,10755.48,6,BUY,1729946307,BOB,USDT,binance
7.0,10755.48,6,BUY,1729959873,BOB,USDT,binance
7.0,10755.48,6,BUY,1729974065,BOB,USDT,binance
7.0,10755.48,6,BUY,1729993668,BOB,USDT,binance
7.0,10755.48,6,BUY,1730003135,BOB,USDT,binance
7.0,10755.48,6,BUY,1730017603,BOB,USDT,binance
7.0,10755.48,6,BUY,1730032701,BOB,USDT,binance
7.0,10755.48,6,BUY,1730046368,BOB,USDT,binance
7.0,10755.48,6,BUY,1730060555,BOB,USDT,binance
7.0,10755.48,6,BUY,1730079969,BOB,USDT,binance
7.0,10755.48,6,BUY,1730089605,BOB,USDT,binance
7.0,10755.48,6,BUY,1730104117,BOB,USDT,binance
7.0,10755.48,6,BUY,1730119401,BOB,USDT,binance
7.0,10755.48,6,BUY,1730132858,BOB,USDT,binance
7.0,10755.48,6,BUY,1730147011,BOB,USDT,binance
7.0,10755.48,6,BUY,1730166231,BOB,USDT,binance
7.0,10755.48,6,BUY,1730175979,BOB,USDT,binance
7.0,10755.48,6,BUY,1730190467,BOB,USDT,binance
7.0,10755.48,6,BUY,1730205746,BOB,USDT,binance
7.0,10755.48,6,BUY,1730219263,BOB,USDT,binance
7.0,10755.48,6,BUY,1730233397,BOB,USDT,binance
7.0,10755.48,6,BUY,1730252566,BOB,USDT,binance
7.0,10755.48,6,BUY,1730262365,BOB,USDT,binance
7.0,10755.48,6,BUY,1730276997,BOB,USDT,binance
7.0,10755.48,6,BUY,1730292124,BOB,USDT,binance
7.0,10755.48,6,BUY,1730305645,BOB,USDT,binance
7.0,10755.48,6,BUY,1730306554,BOB,USDT,binance
7.0,10755.48,6,BUY,1730319776,BOB,USDT,binance
7.0,10755.48,6,BUY,1730339021,BOB,USDT,binance
7.0,10755.48,6,BUY,1730348784,BOB,USDT,binance
7.0,10755.48,6,BUY,1730363130,BOB,USDT,binance
7.0,10755.48,6,BUY,1730378489,BOB,USDT,binance
7.0,10755.48,6,BUY,1730392032,BOB,USDT,binance
7.0,10755.48,6,BUY,1730406107,BOB,USDT,binance
7.0,10755.48,6,BUY,1730425768,BOB,USDT,binance
7.0,10755.48,6,BUY,1730435133,BOB,USDT,binance
7.0,10755.48,6,BUY,1730449589,BOB,USDT,binance
7.0,10755.48,6,BUY,1730464797,BOB,USDT,binance
7.0,10755.48,6,BUY,1730478353,BOB,USDT,binance
7.0,10755.48,6,BUY,1730492559,BOB,USDT,binance
7.0,10755.48,6,BUY,1730511614,BOB,USDT,binance
7.0,10755.48,6,BUY,1730521564,BOB,USDT,binance
7.0,10755.48,6,BUY,1730535931,BOB,USDT,binance
7.0,10755.48,6,BUY,1730551119,BOB,USDT,binance
7.0,10755.48,6,BUY,1730564737,BOB,USDT,binance
7.0,10755.48,6,BUY,1730578902,BOB,USDT,binance
7.0,10755.48,6,BUY,1730598471,BOB,USDT,binance
7.0,10755.48,6,BUY,1730607885,BOB,USDT,binance
7.0,10755.48,6,BUY,1730622250,BOB,USDT,binance
7.0,10755.48,6,BUY,1730637471,BOB,USDT,binance
7.0,10755.48,6,BUY,1730651075,BOB,USDT,binance
7.0,10755.48,6,BUY,1730665277,BOB,USDT,binance
7.0,10755.48,6,BUY,1730684651,BOB,USDT,binance
7.0,10755.48,6,BUY,1730694343,BOB,USDT,binance
7.0,10755.48,6,BUY,1730708854,BOB,USDT,binance
7.0,10755.48,6,BUY,1730724158,BOB,USDT,binance
7.0,10755.48,6,BUY,1730737589,BOB,USDT,binance
7.0,10755.48,6,BUY,1730751731,BOB,USDT,binance
7.0,10755.48,6,BUY,1730770807,BOB,USDT,binance
7.0,10755.48,6,BUY,1730780720,BOB,USDT,binance
7.0,10755.48,6,BUY,1730795209,BOB,USDT,binance
7.0,10755.48,6,BUY,1730810358,BOB,USDT,binance
7.0,10755.48,6,BUY,1730824032,BOB,USDT,binance
7.0,10755.48,6,BUY,1730838149,BOB,USDT,binance
7.0,10755.48,6,BUY,1730852476,BOB,USDT,binance
7.07,15000.0,1,BUY,1729356308,BOB,USDT,binance
7.07,15000.0,1,BUY,1729365179,BOB,USDT,binance
7.07,15000.0,1,BUY,1729382603,BOB,USDT,binance
7.07,15000.0,1,BUY,1729466298,BOB,USDT,binance
7.07,15000.0,1,BUY,1729480154,BOB,USDT,binance
7.07,15000.0,1,BUY,1729520858,BOB,USDT,binance
7.07,15000.0,1,BUY,1729551792,BOB,USDT,binance
7.07,15000.0,1,BUY,1729558082,BOB,USDT,binance
7.07,15000.0,1,BUY,1729571854,BOB,USDT,binance
7.07,15000.0,1,BUY,1729572353,BOB,USDT,binance
7.07,15000.0,1,BUY,1729620840,BOB,USDT,binance
7.07,15000.0,1,BUY,1729664098,BOB,USDT,binance
7.07,15000.0,1,BUY,1729730794,BOB,USDT,binance
7.07,15000.0,1,BUY,1729743955,BOB,USDT,binance
7.07,15000.0,1,BUY,1729787134,BOB,USDT,binance
7.07,15000.0,1,BUY,1729801396,BOB,USDT,binance
7.07,15000.0,1,BUY,1729820549,BOB,USDT,binance
7.07,15000.0,1,BUY,1729830447,BOB,USDT,binance
7.07,15000.0,1,BUY,1729887822,BOB,USDT,binance
7.07,15000.0,1,BUY,1729906742,BOB,USDT,binance
7.07,15000.0,1,BUY,1729916754,BOB,USDT,binance
7.07,15000.0,1,BUY,1729959873,BOB,USDT,binance
7.07,15000.0,1,BUY,1729974065,BOB,USDT,binance
7.07,15000.0,1,BUY,1729993668,BOB,USDT,binance
7.07,15000.0,1,BUY,1730003135,BOB,USDT,binance
7.07,15000.0,1,BUY,1730079969,BOB,USDT,binance
7.07,15000.0,1,BUY,1730089605,BOB,USDT,binance
7.07,15000.0,1,BUY,1730132858,BOB,USDT,binance
7.07,15000.0,1,BUY,1730166231,BOB,USDT,binance
7.07,15000.0,1,BUY,1730175979,BOB,USDT,binance
7.07,15000.0,1,BUY,1730219263,BOB,USDT,binance
7.07,15000.0,1,BUY,1730233397,BOB,USDT,binance
7.07,15000.0,1,BUY,1730252566,BOB,USDT,binance
7.07,15000.0,1,BUY,1730262365,BOB,USDT,binance
7.07,15000.0,1,BUY,1730276997,BOB,USDT,binance
7.07,15000.0,1,BUY,1730305645,BOB,USDT,binance
7.07,15000.0,1,BUY,1730306554,BOB,USDT,binance
7.07,15000.0,1,BUY,1730319776,BOB,USDT,binance
7.07,15000.0,1,BUY,1730339021,BOB,USDT,binance
7.07,15000.0,1,BUY,1730348784,BOB,USDT,binance
7.07,15000.0,1,BUY,1730378489,BOB,USDT,binance
7.07,15000.0,1,BUY,1730392032,BOB,USDT,binance
7.07,15000.0,1,BUY,1730406107,BOB,USDT,binance
7.07,15000.0,1,BUY,1730425768,BOB,USDT,binance
7.07,15000.0,1,BUY,1730435133,BOB,USDT,binance
7.07,15000.0,1,BUY,1730478353,BOB,USDT,binance
7.07,15000.0,1,BUY,1730564737,BOB,USDT,binance
7.07,15000.0,1,BUY,1730578902,BOB,USDT,binance
7.07,15000.0,1,BUY,1730598471,BOB,USDT,binance
7.07,15000.0,1,BUY,1730607885,BOB,USDT,binance
7.07,15000.0,1,BUY,1730651075,BOB,USDT,binance
7.07,15000.0,1,BUY,1730665277,BOB,USDT,binance
7.07,15000.0,1,BUY,1730684651,BOB,USDT,binance
7.07,15000.0,1,BUY,1730694343,BOB,USDT,binance
7.07,15000.0,1,BUY,1730737589,BOB,USDT,binance
7.07,15000.0,1,BUY,1730751731,BOB,USDT,binance
7.1,4230.0,1,BUY,1729356308,BOB,USDT,binance
7.1,4230.0,1,BUY,1729365179,BOB,USDT,binance
7.1,4230.0,1,BUY,1729382603,BOB,USDT,binance
7.1,4230.0,1,BUY,1729430440,BOB,USDT,binance
7.1,4230.0,1,BUY,1729466298,BOB,USDT,binance
7.1,4230.0,1,BUY,1729480154,BOB,USDT,binance
7.1,4230.0,1,BUY,1729520858,BOB,USDT,binance
7.1,4230.0,1,BUY,1729551792,BOB,USDT,binance
7.1,4230.0,1,BUY,1729558082,BOB,USDT,binance
7.1,4230.0,1,BUY,1729571854,BOB,USDT,binance
7.1,4230.0,1,BUY,1729572353,BOB,USDT,binance
7.1,4230.0,1,BUY,1729577699,BOB,USDT,binance
7.1,4230.0,1,BUY,1729599561,BOB,USDT,binance
7.1,4230.0,1,BUY,1729620840,BOB,USDT,binance
7.1,4230.0,1,BUY,1729644418,BOB,USDT,binance
7.1,4230.0,1,BUY,1729664098,BOB,USDT,binance
7.1,4230.0,1,BUY,1729685950,BOB,USDT,binance
7.1,4230.0,1,BUY,1729730794,BOB,USDT,binance
7.1,4230.0,1,BUY,1729743955,BOB,USDT,binance
7.1,4230.0,1,BUY,1729758460,BOB,USDT,binance
7.1,4230.0,1,BUY,1729773705,BOB,USDT,binance
7.1,4230.0,1,BUY,1729787134,BOB,USDT,binance
7.1,4230.0,1,BUY,1729801396,BOB,USDT,binance
7.1,4230.0,1,BUY,1729820549,BOB,USDT,binance
7.1,4230.0,1,BUY,1729830447,BOB,USDT,binance
7.1,4230.0,1,BUY,1729844838,BOB,USDT,binance
7.1,4230.0,1,BUY,1729860080,BOB,USDT,binance
7.1,4230.0,1,BUY,1729873608,BOB,USDT,binance
7.1,4230.0,1,BUY,1729887822,BOB,USDT,binance
7.1,4230.0,1,BUY,1729906742,BOB,USDT,binance
7.1,4230.0,1,BUY,1729916754,BOB,USDT,binance
7.1,4230.0,1,BUY,1729931080,BOB,USDT,binance
7.1,4230.0,1,BUY,1729946307,BOB,USDT,binance
7.1,4230.0,1,BUY,1729959873,BOB,USDT,binance
7.1,4230.0,1,BUY,1729974065,BOB,USDT,binance
7.1,4230.0,1,BUY,1729993668,BOB,USDT,binance
7.1,4230.0,1,BUY,1730003135,BOB,USDT,binance
7.1,4230.0,1,BUY,1730017603,BOB,USDT,binance
7.1,4230.0,1,BUY,1730032701,BOB,USDT,binance
7.1,4230.0,1,BUY,1730046368,BOB,USDT,binance
7.1,4230.0,1,BUY,1730060555,BOB,USDT,binance
7.1,4230.0,1,BUY,1730079969,BOB,USDT,binance
7.1,4230.0,1,BUY,1730089605,BOB,USDT,binance
7.1,4230.0,1,BUY,1730104117,BOB,USDT,binance
7.1,4230.0,1,BUY,1730119401,BOB,USDT,binance
7.1,4230.0,1,BUY,1730132858,BOB,USDT,binance
7.1,4230.0,1,BUY,1730147011,BOB,USDT,binance
7.1,4230.0,1,BUY,1730166231,BOB,USDT,binance
7.1,4230.0,1,BUY,1730175979,BOB,USDT,binance
7.1,4230.0,1,BUY,1730190467,BOB,USDT,binance
7.1,4230.0,1,BUY,1730205746,BOB,USDT,binance
7.1,4230.0,1,BUY,1730219263,BOB,USDT,binance
7.1,4230.0,1,BUY,1730233397,BOB,USDT,binance
7.1,4230.0,1,BUY,1730252566,BOB,USDT,binance
7.1,4230.0,1,BUY,1730262365,BOB,USDT,binance
7.1,4230.0,1,BUY,1730276997,BOB,USDT,binance
7.1,4230.0,1,BUY,1730292124,BOB,USDT,binance
7.1,4230.0,1,BUY,1730305645,BOB,USDT,binance
7.1,4230.0,1,BUY,1730306554,BOB,USDT,binance
7.1,4230.0,1,BUY,1730319776,BOB,USDT,binance
7.1,4230.0,1,BUY,1730339021,BOB,USDT,binance
7.1,4230.0,1,BUY,1730348784,BOB,USDT,binance
7.1,4230.0,1,BUY,1730363130,BOB,USDT,binance
7.1,4230.0,1,BUY,1730378489,BOB,USDT,binance
7.1,4230.0,1,BUY,1730392032,BOB,USDT,binance
7.1,4230.0,1,BUY,1730406107,BOB,USDT,binance
7.1,4230.0,1,BUY,1730425768,BOB,USDT,binance
7.1,4230.0,1,BUY,1730435133,BOB,USDT,binance
7.1,4230.0,1,BUY,1730449589,BOB,USDT,binance
7.1,4230.0,1,BUY,1730464797,BOB,USDT,binance
7.1,4230.0,1,BUY,1730478353,BOB,USDT,binance
7.1,4230.0,1,BUY,1730492559,BOB,USDT,binance
7.1,4230.0,1,BUY,1730511614,BOB,USDT,binance
7.1,4230.0,1,BUY,1730521564,BOB,USDT,binance
7.1,4230.0,1,BUY,1730535931,BOB,USDT,binance
7.1,4230.0,1,BUY,1730551119,BOB,USDT,binance
7.1,4230.0,1,BUY,1730564737,BOB,USDT,binance
7.1,4230.0,1,BUY,1730578902,BOB,USDT,binance
7.1,4230.0,1,BUY,1730598471,BOB,USDT,binance
7.1,4230.0,1,BUY,1730607885,BOB,USDT,binance
7.1,4230.0,1,BUY,1730622250,BOB,USDT,binance
7.1,4230.0,1,BUY,1730637471,BOB,USDT,binance
7.1,4230.0,1,BUY,1730651075,BOB,USDT,binance
7.1,4230.0,1,BUY,1730665277,BOB,USDT,binance
7.1,4230.0,1,BUY,1730684651,BOB,USDT,binance
7.1,4230.0,1,BUY,1730694343,BOB,USDT,binance
7.1,4230.0,1,BUY,1730708854,BOB,USDT,binance
7.1,4230.0,1,BUY,1730724158,BOB,USDT,binance
7.1,4230.0,1,BUY,1730737589,BOB,USDT,binance
7.1,4230.0,1,BUY,1730751731,BOB,USDT,binance
7.1,4230.0,1,BUY,1730770807,BOB,USDT,binance
7.1,4230.0,1,BUY,1730780720,BOB,USDT,binance
7.1,4230.0,1,BUY,1730795209,BOB,USDT,binance
7.1,4230.0,1,BUY,1730810358,BOB,USDT,binance
7.1,4230.0,1,BUY,1730824032,BOB,USDT,binance
7.1,4230.0,1,BUY,1730838149,BOB,USDT,binance
7.1,4230.0,1,BUY,1730852476,BOB,USDT,binance
7.15,7015.0,1,BUY,1729356308,BOB,USDT,binance
7.15,7015.0,1,BUY,1729365179,BOB,USDT,binance
7.15,7015.0,1,BUY,1729382603,BOB,USDT,binance
7.15,7015.0,1,BUY,1729430440,BOB,USDT,binance
7.15,7015.0,1,BUY,1729466298,BOB,USDT,binance
7.15,7015.0,1,BUY,1729480154,BOB,USDT,binance
7.15,7015.0,1,BUY,1729520858,BOB,USDT,binance
7.15,7015.0,1,BUY,1729551792,BOB,USDT,binance
7.15,7015.0,1,BUY,1729558082,BOB,USDT,binance
7.15,7015.0,1,BUY,1729571854,BOB,USDT,binance
7.15,7015.0,1,BUY,1729572353,BOB,USDT,binance
7.15,7015.0,1,BUY,1729577699,BOB,USDT,binance
7.15,7015.0,1,BUY,1729599561,BOB,USDT,binance
7.15,7015.0,1,BUY,1729620840,BOB,USDT,binance
7.15,7015.0,1,BUY,1729644418,BOB,USDT,binance
7.15,7015.0,1,BUY,1729664098,BOB,USDT,binance
7.15,7015.0,1,BUY,1729685950,BOB,USDT,binance
7.15,7015.0,1,BUY,1729730794,BOB,USDT,binance
7.15,7015.0,1,BUY,1729743955,BOB,USDT,binance
7.15,7015.0,1,BUY,1729758460,BOB,USDT,binance
7.15,7015.0,1,BUY,1729773705,BOB,USDT,binance
7.15,7015.0,1,BUY,1729787134,BOB,USDT,binance
7.15,7015.0,1,BUY,1729801396,BOB,USDT,binance
7.15,7015.0,1,BUY,1729820549,BOB,USDT,binance
7.15,7015.0,1,BUY,1729830447,BOB,USDT,binance
7.15,7015.0,1,BUY,1729844838,BOB,USDT,binance
7.15,7015.0,1,BUY,1729860080,BOB,USDT,binance
7.15,7015.0,1,BUY,1729873608,BOB,USDT,binance
7.15,7015.0,1,BUY,1729887822,BOB,USDT,binance
7.15,7015.0,1,BUY,1729906742,BOB,USDT,binance
7.15,7015.0,1,BUY,1729916754,BOB,USDT,binance
7.15,7015.0,1,BUY,1729931080,BOB,USDT,binance
7.15,7015.0,1,BUY,1729946307,BOB,USDT,binance
7.15,7015.0,1,BUY,1729959873,BOB,USDT,binance
7.15,7015.0,1,BUY,1729974065,BOB,USDT,binance
7.15,7015.0,1,BUY,1729993668,BOB,USDT,binance
7.15,7015.0,1,BUY,1730003135,BOB,USDT,binance
7.15,7015.0,1,BUY,1730017603,BOB,USDT,binance
7.15,7015.0,1,BUY,1730032701,BOB,USDT,binance
7.15,7015.0,1,BUY,1730046368,BOB,USDT,binance
7.15,7015.0,1,BUY,1730060555,BOB,USDT,binance
7.15,7015.0,1,BUY,1730079969,BOB,USDT,binance
7.15,7015.0,1,BUY,1730089605,BOB,USDT,binance
7.15,7015.0,1,BUY,1730104117,BOB,USDT,binance
7.15,7015.0,1,BUY,1730119401,BOB,USDT,binance
7.15,7015.0,1,BUY,1730132858,BOB,USDT,binance
7.15,7015.0,1,BUY,1730147011,BOB,USDT,binance
7.15,7015.0,1,BUY,1730166231,BOB,USDT,binance
7.15,7015.0,1,BUY,1730175979,BOB,USDT,binance
7.15,7015.0,1,BUY,1730190467,BOB,USDT,binance
7.15,7015.0,1,BUY,1730205746,BOB,USDT,binance
7.15,7015.0,1,BUY,1730219263,BOB,USDT,binance
7.15,7015.0,1,BUY,1730233397,BOB,USDT,binance
7.15,7015.0,1,BUY,1730252566,BOB,USDT,binance
7.15,7015.0,1,BUY,1730262365,BOB,USDT,binance
7.15,7015.0,1,BUY,1730276997,BOB,USDT,binance
7.15,7015.0,1,BUY,1730292124,BOB,USDT,binance
7.15,7015.0,1,BUY,1730305645,BOB,USDT,binance
7.15,7015.0,1,BUY,1730306554,BOB,USDT,binance
7.15,7015.0,1,BUY,1730319776,BOB,USDT,binance
7.15,7015.0,1,BUY,1730339021,BOB,USDT,binance
7.15,7015.0,1,BUY,1730348784,BOB,USDT,binance
7.15,7015.0,1,BUY,1730363130,BOB,USDT,binance
7.15,7015.0,1,BUY,1730378489,BOB,USDT,binance
7.15,7015.0,1,BUY,1730392032,BOB,USDT,binance
7.15,7015.0,1,BUY,1730406107,BOB,USDT,binance
7.15,7015.0,1,BUY,1730425768,BOB,USDT,binance
7.15,7015.0,1,BUY,1730435133,BOB,USDT,binance
7.15,7015.0,1,BUY,1730449589,BOB,USDT,binance
7.15,7015.0,1,BUY,1730464797,BOB,USDT,binance
7.15,7015.0,1,BUY,1730478353,BOB,USDT,binance
7.15,7015.0,1,BUY,1730492559,BOB,USDT,binance
7.15,7015.0,1,BUY,1730511614,BOB,USDT,binance
7.15,7015.0,1,BUY,1730521564,BOB,USDT,binance
7.15,7015.0,1,BUY,1730535931,BOB,USDT,binance
7.15,7015.0,1,BUY,1730551119,BOB,USDT,binance
7.15,7015.0,1,BUY,1730564737,BOB,USDT,binance
7.15,7015.0,1,BUY,1730578902,BOB,USDT,binance
7.15,7015.0,1,BUY,1730598471,BOB,USDT,binance
7.15,7015.0,1,BUY,1730607885,BOB,USDT,binance
7.15,7015.0,1,BUY,1730622250,BOB,USDT,binance
7.15,7015.0,1,BUY,1730637471,BOB,USDT,binance
7.15,7015.0,1,BUY,1730651075,BOB,USDT,binance
7.15,7015.0,1,BUY,1730665277,BOB,USDT,binance
7.15,7015.0,1,BUY,1730684651,BOB,USDT,binance
7.15,7015.0,1,BUY,1730694343,BOB,USDT,binance
7.15,7015.0,1,BUY,1730708854,BOB,USDT,binance
7.15,7015.0,1,BUY,1730724158,BOB,USDT,binance
7.15,7015.0,1,BUY,1730737589,BOB,USDT,binance
7.15,7015.0,1,BUY,1730751731,BOB,USDT,binance
7.15,7015.0,1,BUY,1730770807,BOB,USDT,binance
7.15,7015.0,1,BUY,1730780720,BOB,USDT,binance
7.15,7015.0,1,BUY,1730795209,BOB,USDT,binance
7.15,7015.0,1,BUY,1730810358,BOB,USDT,binance
7.15,7015.0,1,BUY,1730824032,BOB,USDT,binance
7.15,7015.0,1,BUY,1730838149,BOB,USDT,binance
7.15,7015.0,1,BUY,1730852476,BOB,USDT,binance
7.2,3000.0,1,BUY,1729356308,BOB,USDT,binance
7.2,3000.0,1,BUY,1729365179,BOB,USDT,binance
7.2,3000.0,1,BUY,1729382603,BOB,USDT,binance
7.2,3000.0,1,BUY,1729430440,BOB,USDT,binance
7.2,3000.0,1,BUY,1729466298,BOB,USDT,binance
7.2,3000.0,1,BUY,1729480154,BOB,USDT,binance
7.2,3000.0,1,BUY,1729520858,BOB,USDT,binance
7.2,3000.0,1,BUY,1729551792,BOB,USDT,binance
7.2,3000.0,1,BUY,1729558082,BOB,USDT,binance
7.2,3000.0,1,BUY,1729571854,BOB,USDT,binance
7.2,3000.0,1,BUY,1729572353,BOB,USDT,binance
7.2,3000.0,1,BUY,1729577699,BOB,USDT,binance
7.2,3000.0,1,BUY,1729599561,BOB,USDT,binance
7.2,3000.0,1,BUY,1729620840,BOB,USDT,binance
7.2,3000.0,1,BUY,1729644418,BOB,USDT,binance
7.2,3000.0,1,BUY,1729664098,BOB,USDT,binance
7.2,3000.0,1,BUY,1729685950,BOB,USDT,binance
7.2,3000.0,1,BUY,1729730794,BOB,USDT,binance
7.2,3000.0,1,BUY,1729743955,BOB,USDT,binance
7.2,3000.0,1,BUY,1729758460,BOB,USDT,binance
7.2,3000.0,1,BUY,1729773705,BOB,USDT,binance
7.2,3000.0,1,BUY,1729787134,BOB,USDT,binance
7.2,3000.0,1,BUY,1729801396,BOB,USDT,binance
7.2,3000.0,1,BUY,1729820549,BOB,USDT,binance
7.2,3000.0,1,BUY,1729830447,BOB,USDT,binance
7.2,3000.0,1,BUY,1729844838,BOB,USDT,binance
7.2,3000.0,1,BUY,1729860080,BOB,USDT,binance
7.2,3000.0,1,BUY,1729873608,BOB,USDT,binance
7.2,3000.0,1,BUY,1729887822,BOB,USDT,binance
7.2,3000.0,1,BUY,1729906742,BOB,USDT,binance
7.2,3000.0,1,BUY,1729916754,BOB,USDT,binance
7.2,3000.0,1,BUY,1729931080,BOB,USDT,binance
7.2,3000.0,1,BUY,1729946307,BOB,USDT,binance
7.2,3000.0,1,BUY,1729959873,BOB,USDT,binance
7.2,3000.0,1,BUY,1729974065,BOB,USDT,binance
7.2,3000.0,1,BUY,1729993668,BOB,USDT,binance
7.2,3000.0,1,BUY,1730003135,BOB,USDT,binance
7.2,3000.0,1,BUY,1730017603,BOB,USDT,binance
7.2,3000.0,1,BUY,1730032701,BOB,USDT,binance
7.2,3000.0,1,BUY,1730046368,BOB,USDT,binance
7.2,3000.0,1,BUY,1730060555,BOB,USDT,binance
7.2,3000.0,1,BUY,1730079969,BOB,USDT,binance
7.2,3000.0,1,BUY,1730089605,BOB,USDT,binance
7.2,3000.0,1,BUY,1730104117,BOB,USDT,binance
7.2,3000.0,1,BUY,1730119401,BOB,USDT,binance
7.2,3000.0,1,BUY,1730132858,BOB,USDT,binance
7.2,3000.0,1,BUY,1730147011,BOB,USDT,binance
7.2,3000.0,1,BUY,1730166231,BOB,USDT,binance
7.2,3000.0,1,BUY,1730175979,BOB,USDT,binance
7.2,3000.0,1,BUY,1730190467,BOB,USDT,binance
7.2,3000.0,1,BUY,1730205746,BOB,USDT,binance
7.2,3000.0,1,BUY,1730219263,BOB,USDT,binance
7.2,3000.0,1,BUY,1730233397,BOB,USDT,binance
7.2,3000.0,1,BUY,1730252566,BOB,USDT,binance
7.2,3000.0,1,BUY,1730262365,BOB,USDT,binance
7.2,3000.0,1,BUY,1730276997,BOB,USDT,binance
7.2,3000.0,1,BUY,1730292124,BOB,USDT,binance
7.2,3000.0,1,BUY,1730305645,BOB,USDT,binance
7.2,3000.0,1,BUY,1730306554,BOB,USDT,binance
7.2,3000.0,1,BUY,1730319776,BOB,USDT,binance
7.2,3000.0,1,BUY,1730339021,BOB,USDT,binance
7.2,3000.0,1,BUY,1730348784,BOB,USDT,binance
7.2,3000.0,1,BUY,1730363130,BOB,USDT,binance
7.2,3000.0,1,BUY,1730378489,BOB,USDT,binance
7.2,3000.0,1,BUY,1730392032,BOB,USDT,binance
7.2,3000.0,1,BUY,1730406107,BOB,USDT,binance
7.2,3000.0,1,BUY,1730425768,BOB,USDT,binance
7.2,3000.0,1,BUY,1730435133,BOB,USDT,binance
7.2,3000.0,1,BUY,1730449589,BOB,USDT,binance
7.2,3000.0,1,BUY,1730464797,BOB,USDT,binance
7.2,3000.0,1,BUY,1730478353,BOB,USDT,binance
7.2,3000.0,1,BUY,1730492559,BOB,USDT,binance
7.2,3000.0,1,BUY,1730511614,BOB,USDT,binance
7.2,3000.0,1,BUY,1730521564,BOB,USDT,binance
7.2,3000.0,1,BUY,1730535931,BOB,USDT,binance
7.2,3000.0,1,BUY,1730551119,BOB,USDT,binance
7.2,3000.0,1,BUY,1730564737,BOB,USDT,binance
7.2,3000.0,1,BUY,1730578902,BOB,USDT,binance
7.2,3000.0,1,BUY,1730598471,BOB,USDT,binance
7.2,3000.0,1,BUY,1730607885,BOB,USDT,binance
7.2,3000.0,1,BUY,1730622250,BOB,USDT,binance
7.2,3000.0,1,BUY,1730637471,BOB,USDT,binance
7.2,3000.0,1,BUY,1730651075,BOB,USDT,binance
7.2,3000.0,1,BUY,1730665277,BOB,USDT,binance
7.2,3000.0,1,BUY,1730684651,BOB,USDT,binance
7.2,3000.0,1,BUY,1730694343,BOB,USDT,binance
7.2,3000.0,1,BUY,1730708854,BOB,USDT,binance
7.2,3000.0,1,BUY,1730724158,BOB,USDT,binance
7.2,3000.0,1,BUY,1730737589,BOB,USDT,binance
7.2,3000.0,1,BUY,1730751731,BOB,USDT,binance
7.2,3000.0,1,BUY,1730770807,BOB,USDT,binance
7.2,3000.0,1,BUY,1730780720,BOB,USDT,binance
7.2,3000.0,1,BUY,1730795209,BOB,USDT,binance
7.2,3000.0,1,BUY,1730810358,BOB,USDT,binance
7.2,3000.0,1,BUY,1730824032,BOB,USDT,binance
7.2,3000.0,1,BUY,1730838149,BOB,USDT,binance
7.2,3000.0,1,BUY,1730852476,BOB,USDT,binance
7.36,1300.0,1,BUY,1729480154,BOB,USDT,binance
7.36,1300.0,1,BUY,1729520858,BOB,USDT,binance
7.36,1300.0,1,BUY,1729558082,BOB,USDT,binance
7.36,1300.0,1,BUY,1729571854,BOB,USDT,binance
7.36,1300.0,1,BUY,1729572353,BOB,USDT,binance
7.36,1300.0,1,BUY,1729577699,BOB,USDT,binance
7.36,1300.0,1,BUY,1729620840,BOB,USDT,binance
7.36,1300.0,1,BUY,1729644418,BOB,USDT,binance
7.36,1300.0,1,BUY,1729664098,BOB,USDT,binance
7.36,1300.0,1,BUY,1730119401,BOB,USDT,binance
7.36,1300.0,1,BUY,1730132858,BOB,USDT,binance
7.36,1300.0,1,BUY,1730147011,BOB,USDT,binance
7.36,1300.0,1,BUY,1730166231,BOB,USDT,binance
7.36,1300.0,1,BUY,1730175979,BOB,USDT,binance
7.36,1300.0,1,BUY,1730190467,BOB,USDT,binance
7.36,1300.0,1,BUY,1730205746,BOB,USDT,binance
7.36,1300.0,1,BUY,1730252566,BOB,USDT,binance
7.36,1300.0,1,BUY,1730262365,BOB,USDT,binance
7.36,1300.0,1,BUY,1730276997,BOB,USDT,binance
7.36,1300.0,1,BUY,1730305645,BOB,USDT,binance
7.36,1300.0,1,BUY,1730306554,BOB,USDT,binance
7.36,1300.0,1,BUY,1730319776,BOB,USDT,binance
7.36,1300.0,1,BUY,1730339021,BOB,USDT,binance
7.36,1300.0,1,BUY,1730363130,BOB,USDT,binance
7.36,1300.0,1,BUY,1730392032,BOB,USDT,binance
7.36,1300.0,1,BUY,1730406107,BOB,USDT,binance
7.36,1300.0,1,BUY,1730425768,BOB,USDT,binance
7.36,1300.0,1,BUY,1730464797,BOB,USDT,binance
7.36,1300.0,1,BUY,1730478353,BOB,USDT,binance
7.36,1300.0,1,BUY,1730492559,BOB,USDT,binance
7.36,1300.0,1,BUY,1730511614,BOB,USDT,binance
7.36,1300.0,1,BUY,1730521564,BOB,USDT,binance
7.36,1300.0,1,BUY,1730535931,BOB,USDT,binance
7.36,1300.0,1,BUY,1730551119,BOB,USDT,binance
7.37,1300.0,1,BUY,1729356308,BOB,USDT,binance
7.37,1300.0,1,BUY,1729365179,BOB,USDT,binance
7.37,1300.0,1,BUY,1729382603,BOB,USDT,binance
7.37,1300.0,1,BUY,1729430440,BOB,USDT,binance
7.37,1300.0,1,BUY,1729551792,BOB,USDT,binance
7.37,1300.0,1,BUY,1729599561,BOB,USDT,binance
7.37,1300.0,1,BUY,1729685950,BOB,USDT,binance
7.37,1300.0,1,BUY,1729730794,BOB,USDT,binance
7.37,1300.0,1,BUY,1729743955,BOB,USDT,binance
7.37,1300.0,1,BUY,1729758460,BOB,USDT,binance
7.37,1300.0,1,BUY,1729773705,BOB,USDT,binance
7.37,1300.0,1,BUY,1729787134,BOB,USDT,binance
7.37,1300.0,1,BUY,1729801396,BOB,USDT,binance
7.37,1300.0,1,BUY,1729820549,BOB,USDT,binance
7.37,1300.0,1,BUY,1729830447,BOB,USDT,binance
7.37,1300.0,1,BUY,1729844838,BOB,USDT,binance
7.37,1300.0,1,BUY,1729860080,BOB,USDT,binance
7.37,1300.0,1,BUY,1729873608,BOB,USDT,binance
7.37,1300.0,1,BUY,1729931080,BOB,USDT,binance
7.37,1300.0,1,BUY,1730079969,BOB,USDT,binance
7.37,1300.0,1,BUY,1730089605,BOB,USDT,binance
7.37,1300.0,1,BUY,1730104117,BOB,USDT,binance
7.37,1300.0,1,BUY,1730219263,BOB,USDT,binance
7.37,1300.0,1,BUY,1730233397,BOB,USDT,binance
7.37,1300.0,1,BUY,1730292124,BOB,USDT,binance
7.37,1300.0,1,BUY,1730348784,BOB,USDT,binance
7.37,1300.0,1,BUY,1730378489,BOB,USDT,binance
7.37,1300.0,1,BUY,1730435133,BOB,USDT,binance
7.37,1300.0,1,BUY,1730449589,BOB,USDT,binance
7.38,1300.0,1,BUY,1729466298,BOB,USDT,binance
7.38,1300.0,1,BUY,1729887822,BOB,USDT,binance
7.38,1300.0,1,BUY,1729906742,BOB,USDT,binance
7.38,1300.0,1,BUY,1729916754,BOB,USDT,binance
7.38,1300.0,1,BUY,1730060555,BOB,USDT,binance
7.38,1300.0,1,BUY,1730564737,BOB,USDT,binance
7.38,1300.0,1,BUY,1730578902,BOB,USDT,binance
7.38,1300.0,1,BUY,1730598471,BOB,USDT,binance
7.38,1300.0,1,BUY,1730607885,BOB,USDT,binance
7.38,1300.0,1,BUY,1730622250,BOB,USDT,binance
7.38,1300.0,1,BUY,1730637471,BOB,USDT,binance
7.38,1300.0,1,BUY,1730651075,BOB,USDT,binance
7.38,1300.0,1,BUY,1730665277,BOB,USDT,binance
7.38,1300.0,1,BUY,1730684651,BOB,USDT,binance
7.38,1300.0,1,BUY,1730694343,BOB,USDT,binance
7.38,1300.0,1,BUY,1730708854,BOB,USDT,binance
7.38,1300.0,1,BUY,1730724158,BOB,USDT,binance
7.38,1300.0,1,BUY,1730737589,BOB,USDT,binance
7.38,1300.0,1,BUY,1730751731,BOB,USDT,binance
7.38,1300.0,1,BUY,1730770807,BOB,USDT,binance
7.38,1300.0,1,BUY,1730780720,BOB,USDT,binance
7.38,1300.0,1,BUY,1730795209,BOB,USDT,binance
7.38,1300.0,1,BUY,1730810358,BOB,USDT,binance
7.38,1300.0,1,BUY,1730824032,BOB,USDT,binance
7.38,1300.0,1,BUY,1730838149,BOB,USDT,binance
7.38,1300.0,1,BUY,1730852476,BOB,USDT,binance
7.39,1300.0,1,BUY,1729946307,BOB,USDT,binance
7.39,1300.0,1,BUY,1729959873,BOB,USDT,binance
7.39,1300.0,1,BUY,1729974065,BOB,USDT,binance
7.39,1300.0,1,BUY,1729993668,BOB,USDT,binance
7.39,1300.0,1,BUY,1730003135,BOB,USDT,binance
7.39,1300.0,1,BUY,1730017603,BOB,USDT,binance
7.39,1300.0,1,BUY,1730032701,BOB,USDT,binance
7.39,1300.0,1,BUY,1730046368,BOB,USDT,binance
7.4,500.0,1,BUY,1729356308,BOB,USDT,binance
7.4,500.0,1,BUY,1729365179,BOB,USDT,binance
7.4,500.0,1,BUY,1729382603,BOB,USDT,binance
7.4,500.0,1,BUY,1729430440,BOB,USDT,binance
7.4,500.0,1,BUY,1729466298,BOB,USDT,binance
7.4,500.0,1,BUY,1729480154,BOB,USDT,binance
7.4,500.0,1,BUY,1729520858,BOB,USDT,binance
7.4,500.0,1,BUY,1729551792,BOB,USDT,binance
7.4,500.0,1,BUY,1729558082,BOB,USDT,binance
7.4,500.0,1,BUY,1729571854,BOB,USDT,binance
7.4,500.0,1,BUY,1729572353,BOB,USDT,binance
7.4,500.0,1,BUY,1729577699,BOB,USDT,binance
7.4,500.0,1,BUY,1729599561,BOB,USDT,binance
7.4,500.0,1,BUY,1729620840,BOB,USDT,binance
7.4,500.0,1,BUY,1729644418,BOB,USDT,binance
7.4,500.0,1,BUY,1729664098,BOB,USDT,binance
7.4,500.0,1,BUY,1729685950,BOB,USDT,binance
7.4,500.0,1,BUY,1729730794,BOB,USDT,binance
7.4,500.0,1,BUY,1729743955,BOB,USDT,binance
7.4,500.0,1,BUY,1729758460,BOB,USDT,binance
7.4,500.0,1,BUY,1729773705,BOB,USDT,binance
7.4,500.0,1,BUY,1729787134,BOB,USDT,binance
7.4,500.0,1,BUY,1729801396,BOB,USDT,binance
7.4,500.0,1,BUY,1729820549,BOB,USDT,binance
7.4,500.0,1,BUY,1729830447,BOB,USDT,binance
7.4,500.0,1,BUY,1729844838,BOB,USDT,binance
7.4,500.0,1,BUY,1729860080,BOB,USDT,binance
7.4,500.0,1,BUY,1729873608,BOB,USDT,binance
7.4,500.0,1,BUY,1729887822,BOB,USDT,binance
7.4,500.0,1,BUY,1729906742,BOB,USDT,binance
7.4,500.0,1,BUY,1729916754,BOB,USDT,binance
7.4,500.0,1,BUY,1729931080,BOB,USDT,binance
7.4,500.0,1,BUY,1729946307,BOB,USDT,binance
7.4,500.0,1,BUY,1729959873,BOB,USDT,binance
7.4,500.0,1,BUY,1729974065,BOB,USDT,binance
7.4,500.0,1,BUY,1729993668,BOB,USDT,binance
7.4,500.0,1,BUY,1730003135,BOB,USDT,binance
7.4,500.0,1,BUY,1730017603,BOB,USDT,binance
7.4,500.0,1,BUY,1730032701,BOB,USDT,binance
7.4,500.0,1,BUY,1730046368,BOB,USDT,binance
7.4,500.0,1,BUY,1730060555,BOB,USDT,binance
7.4,500.0,1,BUY,1730079969,BOB,USDT,binance
7.4,500.0,1,BUY,1730089605,BOB,USDT,binance
7.4,500.0,1,BUY,1730104117,BOB,USDT,binance
7.4,500.0,1,BUY,1730119401,BOB,USDT,binance
7.4,500.0,1,BUY,1730132858,BOB,USDT,binance
7.4,500.0,1,BUY,1730147011,BOB,USDT,binance
7.4,500.0,1,BUY,1730166231,BOB,USDT,binance
7.4,500.0,1,BUY,1730175979,BOB,USDT,binance
7.4,500.0,1,BUY,1730190467,BOB,USDT,binance
7.4,500.0,1,BUY,1730205746,BOB,USDT,binance
7.4,500.0,1,BUY,1730219263,BOB,USDT,binance
7.4,500.0,1,BUY,1730233397,BOB,USDT,binance
7.4,500.0,1,BUY,1730252566,BOB,USDT,binance
7.4,500.0,1,BUY,1730262365,BOB,USDT,binance
7.4,500.0,1,BUY,1730276997,BOB,USDT,binance
7.4,500.0,1,BUY,1730292124,BOB,USDT,binance
7.4,500.0,1,BUY,1730305645,BOB,USDT,binance
7.4,500.0,1,BUY,1730306554,BOB,USDT,binance
7.4,500.0,1,BUY,1730319776,BOB,USDT,binance
7.4,500.0,1,BUY,1730339021,BOB,USDT,binance
7.4,500.0,1,BUY,1730348784,BOB,USDT,binance
7.4,500.0,1,BUY,1730363130,BOB,USDT,binance
7.4,500.0,1,BUY,1730378489,BOB,USDT,binance
7.4,500.0,1,BUY,1730392032,BOB,USDT,binance
7.4,500.0,1,BUY,1730406107,BOB,USDT,binance
7.4,500.0,1,BUY,1730425768,BOB,USDT,binance
7.4,500.0,1,BUY,1730435133,BOB,USDT,binance
7.4,500.0,1,BUY,1730449589,BOB,USDT,binance
7.4,500.0,1,BUY,1730464797,BOB,USDT,binance
7.4,500.0,1,BUY,1730478353,BOB,USDT,binance
7.4,500.0,1,BUY,1730492559,BOB,USDT,binance
7.4,500.0,1,BUY,1730511614,BOB,USDT,binance
7.4,500.0,1,BUY,1730521564,BOB,USDT,binance
7.4,500.0,1,BUY,1730535931,BOB,USDT,binance
7.4,500.0,1,BUY,1730551119,BOB,USDT,binance
7.4,500.0,1,BUY,1730564737,BOB,USDT,binance
7.4,500.0,1,BUY,1730578902,BOB,USDT,binance
7.4,500.0,1,BUY,1730598471,BOB,USDT,binance
7.4,500.0,1,BUY,1730607885,BOB,USDT,binance
7.4,500.0,1,BUY,1730622250,BOB,USDT,binance
7.4,500.0,1,BUY,1730637471,BOB,USDT,binance
7.4,500.0,1,BUY,1730651075,BOB,USDT,binance
7.4,500.0,1,BUY,1730665277,BOB,USDT,binance
7.4,500.0,1,BUY,1730684651,BOB,USDT,binance
7.4,500.0,1,BUY,1730694343,BOB,USDT,binance
7.4,500.0,1,BUY,1730708854,BOB,USDT,binance
7.4,500.0,1,BUY,1730724158,BOB,USDT,binance
7.4,500.0,1,BUY,1730737589,BOB,USDT,binance
7.4,500.0,1,BUY,1730751731,BOB,USDT,binance
7.4,500.0,1,BUY,1730770807,BOB,USDT,binance
7.4,500.0,1,BUY,1730780720,BOB,USDT,binance
7.4,500.0,1,BUY,1730795209,BOB,USDT,binance
7.4,500.0,1,BUY,1730810358,BOB,USDT,binance
7.4,500.0,1,BUY,1730824032,BOB,USDT,binance
7.4,500.0,1,BUY,1730838149,BOB,USDT,binance
7.4,500.0,1,BUY,1730852476,BOB,USDT,binance
7.5,8100.0,3,BUY,1729356308,BOB,USDT,binance
7.5,8100.0,3,BUY,1729365179,BOB,USDT,binance
7.5,8100.0,3,BUY,1729382603,BOB,USDT,binance
7.5,8100.0,3,BUY,1729430440,BOB,USDT,binance
7.5,8100.0,3,BUY,1729466298,BOB,USDT,binance
7.5,8100.0,3,BUY,1729480154,BOB,USDT,binance
7.5,8100.0,3,BUY,1729520858,BOB,USDT,binance
7.5,8080.71,3,BUY,1729551792,BOB,USDT,binance
7.5,8080.71,3,BUY,1729558082,BOB,USDT,binance
7.5,8080.71,3,BUY,1729571854,BOB,USDT,binance
7.5,8080.71,3,BUY,1729572353,BOB,USDT,binance
7.5,8080.71,3,BUY,1729577699,BOB,USDT,binance
7.5,8080.71,3,BUY,1729599561,BOB,USDT,binance
7.5,8080.71,3,BUY,1729620840,BOB,USDT,binance
7.5,8080.71,3,BUY,1729644418,BOB,USDT,binance
7.5,8080.71,3,BUY,1729664098,BOB,USDT,binance
7.5,8080.71,3,BUY,1729685950,BOB,USDT,binance
7.5,8080.71,3,BUY,1729730794,BOB,USDT,binance
7.5,8080.71,3,BUY,1729743955,BOB,USDT,binance
7.5,8080.71,3,BUY,1729758460,BOB,USDT,binance
7.5,8080.71,3,BUY,1729773705,BOB,USDT,binance
7.5,8080.71,3,BUY,1729787134,BOB,USDT,binance
7.5,8080.71,3,BUY,1729801396,BOB,USDT,binance
7.5,8080.71,3,BUY,1729820549,BOB,USDT,binance
7.5,8080.71,3,BUY,1729830447,BOB,USDT,binance
7.5,8080.71,3,BUY,1729844838,BOB,USDT,binance
7.5,8080.71,3,BUY,1729860080,BOB,USDT,binance
7.5,8080.71,3,BUY,1729873608,BOB,USDT,binance
7.5,8080.71,3,BUY,1729887822,BOB,USDT,binance
7.5,8080.71,3,BUY,1729906742,BOB,USDT,binance
7.5,8080.71,3,BUY,1729916754,BOB,USDT,binance
7.5,8080.71,3,BUY,1729931080,BOB,USDT,binance
7.5,8080.71,3,BUY,1729946307,BOB,USDT,binance
7.5,8080.71,3,BUY,1729959873,BOB,USDT,binance
7.5,8080.71,3,BUY,1729974065,BOB,USDT,binance
7.5,8080.71,3,BUY,1729993668,BOB,USDT,binance
7.5,8080.71,3,BUY,1730003135,BOB,USDT,binance
7.5,8080.71,3,BUY,1730017603,BOB,USDT,binance
7.5,8080.71,3,BUY,1730032701,BOB,USDT,binance
7.5,8080.71,3,BUY,1730046368,BOB,USDT,binance
7.5,8080.71,3,BUY,1730060555,BOB,USDT,binance
7.5,8080.71,3,BUY,1730079969,BOB,USDT,binance
7.5,8080.71,3,BUY,1730089605,BOB,USDT,binance
7.5,8080.71,3,BUY,1730104117,BOB,USDT,binance
7.5,8080.71,3,BUY,1730119401,BOB,USDT,binance
7.5,8080.71,3,BUY,1730132858,BOB,USDT,binance
7.5,8080.71,3,BUY,1730147011,BOB,USDT,binance
7.5,8080.71,3,BUY,1730166231,BOB,USDT,binance
7.5,8080.71,3,BUY,1730175979,BOB,USDT,binance
7.5,8080.71,3,BUY,1730190467,BOB,USDT,binance
7.5,8080.71,3,BUY,1730205746,BOB,USDT,binance
7.5,8080.71,3,BUY,1730219263,BOB,USDT,binance
7.5,8080.71,3,BUY,1730233397,BOB,USDT,binance
7.5,8080.71,3,BUY,1730252566,BOB,USDT,binance
7.5,8080.71,3,BUY,1730262365,BOB,USDT,binance
7.5,8080.71,3,BUY,1730276997,BOB,USDT,binance
7.5,8080.71,3,BUY,1730292124,BOB,USDT,binance
7.5,8080.71,3,BUY,1730305645,BOB,USDT,binance
7.5,8080.71,3,BUY,1730306554,BOB,USDT,binance
7.5,8080.71,3,BUY,1730319776,BOB,USDT,binance
7.5,8080.71,3,BUY,1730339021,BOB,USDT,binance
7.5,8080.71,3,BUY,1730348784,BOB,USDT,binance
7.5,8080.71,3,BUY,1730363130,BOB,USDT,binance
7.5,8080.71,3,BUY,1730378489,BOB,USDT,binance
7.5,8080.71,3,BUY,1730392032,BOB,USDT,binance
7.5,8080.71,3,BUY,1730406107,BOB,USDT,binance
7.5,8080.71,3,BUY,1730425768,BOB,USDT,binance
7.5,8080.71,3,BUY,1730435133,BOB,USDT,binance
7.5,8080.71,3,BUY,1730449589,BOB,USDT,binance
7.5,8080.71,3,BUY,1730464797,BOB,USDT,binance
7.5,8080.71,3,BUY,1730478353,BOB,USDT,binance
7.5,8080.71,3,BUY,1730492559,BOB,USDT,binance
7.5,8080.71,3,BUY,1730511614,BOB,USDT,binance
7.5,8080.71,3,BUY,1730521564,BOB,USDT,binance
7.5,8080.71,3,BUY,1730535931,BOB,USDT,binance
7.5,8080.71,3,BUY,1730551119,BOB,USDT,binance
7.5,8080.71,3,BUY,1730564737,BOB,USDT,binance
7.5,8080.71,3,BUY,1730578902,BOB,USDT,binance
7.5,8080.71,3,BUY,1730598471,BOB,USDT,binance
7.5,8080.71,3,BUY,1730607885,BOB,USDT,binance
7.5,8080.71,3,BUY,1730622250,BOB,USDT,binance
7.5,8080.71,3,BUY,1730637471,BOB,USDT,binance
7.5,8080.71,3,BUY,1730651075,BOB,USDT,binance
7.5,8080.71,3,BUY,1730665277,BOB,USDT,binance
7.5,8080.71,3,BUY,1730684651,BOB,USDT,binance
7.5,8080.71,3,BUY,1730694343,BOB,USDT,binance
7.5,8080.71,3,BUY,1730708854,BOB,USDT,binance
7.5,8080.71,3,BUY,1730724158,BOB,USDT,binance
7.5,8080.71,3,BUY,1730737589,BOB,USDT,binance
7.5,8080.71,3,BUY,1730751731,BOB,USDT,binance
7.5,8080.71,3,BUY,1730770807,BOB,USDT,binance
7.5,8080.71,3,BUY,1730780720,BOB,USDT,binance
7.5,8080.71,3,BUY,1730795209,BOB,USDT,binance
7.5,8080.71,3,BUY,1730810358,BOB,USDT,binance
7.5,8080.71,3,BUY,1730824032,BOB,USDT,binance
7.5,8080.71,3,BUY,1730838149,BOB,USDT,binance
7.5,8080.71,3,BUY,1730852476,BOB,USDT,binance
7.8,10000.0,1,BUY,1729356308,BOB,USDT,binance
7.8,10000.0,1,BUY,1729365179,BOB,USDT,binance
7.8,10000.0,1,BUY,1729382603,BOB,USDT,binance
7.8,10000.0,1,BUY,1729430440,BOB,USDT,binance
7.8,10000.0,1,BUY,1729466298,BOB,USDT,binance
7.8,10000.0,1,BUY,1729480154,BOB,USDT,binance
7.8,9987.7,1,BUY,1729520858,BOB,USDT,binance
7.8,9987.7,1,BUY,1729551792,BOB,USDT,binance
7.8,9987.7,1,BUY,1729558082,BOB,USDT,binance
7.8,9987.7,1,BUY,1729571854,BOB,USDT,binance
7.8,9987.7,1,BUY,1729572353,BOB,USDT,binance
7.8,9987.7,1,BUY,1729577699,BOB,USDT,binance
7.8,9987.7,1,BUY,1729599561,BOB,USDT,binance
7.8,9987.7,1,BUY,1729620840,BOB,USDT,binance
7.8,9987.7,1,BUY,1729644418,BOB,USDT,binance
7.8,9987.7,1,BUY,1729664098,BOB,USDT,binance
7.8,9987.7,1,BUY,1729685950,BOB,USDT,binance
7.8,9987.7,1,BUY,1729730794,BOB,USDT,binance
7.8,9987.7,1,BUY,1729743955,BOB,USDT,binance
7.8,9987.7,1,BUY,1729758460,BOB,USDT,binance
7.8,9987.7,1,BUY,1729773705,BOB,USDT,binance
7.8,9987.7,1,BUY,1729787134,BOB,USDT,binance
7.8,9987.7,1,BUY,1729801396,BOB,USDT,binance
7.8,9987.7,1,BUY,1729820549,BOB,USDT,binance
7.8,9987.7,1,BUY,1729830447,BOB,USDT,binance
7.8,9987.7,1,BUY,1729844838,BOB,USDT,binance
7.8,9987.7,1,BUY,1729860080,BOB,USDT,binance
7.8,9987.7,1,BUY,1729873608,BOB,USDT,binance
7.8,9987.7,1,BUY,1729887822,BOB,USDT,binance
7.8,9987.7,1,BUY,1729906742,BOB,USDT,binance
7.8,9987.7,1,BUY,1729916754,BOB,USDT,binance
7.8,9987.7,1,BUY,1729931080,BOB,USDT,binance
7.8,9987.7,1,BUY,1729946307,BOB,USDT,binance
7.8,9987.7,1,BUY,1729959873,BOB,USDT,binance
7.8,9987.7,1,BUY,1729974065,BOB,USDT,binance
7.8,9987.7,1,BUY,1729993668,BOB,USDT,binance
7.8,9987.7,1,BUY,1730003135,BOB,USDT,binance
7.8,9987.7,1,BUY,1730017603,BOB,USDT,binance
7.8,9987.7,1,BUY,1730032701,BOB,USDT,binance
7.8,9987.7,1,BUY,1730046368,BOB,USDT,binance
7.8,9987.7,1,BUY,1730060555,BOB,USDT,binance
7.8,9987.7,1,BUY,1730079969,BOB,USDT,binance
7.8,9987.7,1,BUY,1730089605,BOB,USDT,binance
7.8,9987.7,1,BUY,1730104117,BOB,USDT,binance
7.8,9987.7,1,BUY,1730119401,BOB,USDT,binance
7.8,9987.7,1,BUY,1730132858,BOB,USDT,binance
7.8,9987.7,1,BUY,1730147011,BOB,USDT,binance
7.8,9987.7,1,BUY,1730166231,BOB,USDT,binance
7.8,9987.7,1,BUY,1730175979,BOB,USDT,binance
7.8,9987.7,1,BUY,1730190467,BOB,USDT,binance
7.8,9987.7,1,BUY,1730205746,BOB,USDT,binance
7.8,9987.7,1,BUY,1730219263,BOB,USDT,binance
7.8,9987.7,1,BUY,1730233397,BOB,USDT,binance
7.8,9987.7,1,BUY,1730252566,BOB,USDT,binance
7.8,9987.7,1,BUY,1730262365,BOB,USDT,binance
7.8,9987.7,1,BUY,1730276997,BOB,USDT,binance
7.8,9987.7,1,BUY,1730292124,BOB,USDT,binance
7.8,9987.7,1,BUY,1730305645,BOB,USDT,binance
7.8,9987.7,1,BUY,1730306554,BOB,USDT,binance
7.8,9987.7,1,BUY,1730319776,BOB,USDT,binance
7.8,9987.7,1,BUY,1730339021,BOB,USDT,binance
7.8,9987.7,1,BUY,1730348784,BOB,USDT,binance
7.8,9987.7,1,BUY,1730363130,BOB,USDT,binance
7.8,9987.7,1,BUY,1730378489,BOB,USDT,binance
7.8,9987.7,1,BUY,1730392032,BOB,USDT,binance
7.8,9987.7,1,BUY,1730406107,BOB,USDT,binance
7.8,9987.7,1,BUY,1730425768,BOB,USDT,binance
7.8,9987.7,1,BUY,1730435133,BOB,USDT,binance
7.8,9987.7,1,BUY,1730449589,BOB,USDT,binance
7.8,9987.7,1,BUY,1730464797,BOB,USDT,binance
7.8,9987.7,1,BUY,1730478353,BOB,USDT,binance
7.8,9987.7,1,BUY,1730492559,BOB,USDT,binance
7.8,9987.7,1,BUY,1730511614,BOB,USDT,binance
7.8,9987.7,1,BUY,1730521564,BOB,USDT,binance
7.8,9987.7,1,BUY,1730535931,BOB,USDT,binance
7.8,9987.7,1,BUY,1730551119,BOB,USDT,binance
7.8,9987.7,1,BUY,1730564737,BOB,USDT,binance
7.8,9987.7,1,BUY,1730578902,BOB,USDT,binance
7.8,9987.7,1,BUY,1730598471,BOB,USDT,binance
7.8,9987.7,1,BUY,1730607885,BOB,USDT,binance
7.8,9987.7,1,BUY,1730622250,BOB,USDT,binance
7.8,9987.7,1,BUY,1730637471,BOB,USDT,binance
7.8,9987.7,1,BUY,1730651075,BOB,USDT,binance
7.8,9987.7,1,BUY,1730665277,BOB,USDT,binance
7.8,9987.7,1,BUY,1730684651,BOB,USDT,binance
7.8,9987.7,1,BUY,1730694343,BOB,USDT,binance
7.8,9987.7,1,BUY,1730708854,BOB,USDT,binance
7.8,9987.7,1,BUY,1730724158,BOB,USDT,binance
7.8,9987.7,1,BUY,1730737589,BOB,USDT,binance
7.8,9987.7,1,BUY,1730751731,BOB,USDT,binance
7.8,9987.7,1,BUY,1730770807,BOB,USDT,binance
7.8,9987.7,1,BUY,1730780720,BOB,USDT,binance
7.8,9987.7,1,BUY,1730795209,BOB,USDT,binance
7.8,9987.7,1,BUY,1730810358,BOB,USDT,binance
7.8,9987.7,1,BUY,1730824032,BOB,USDT,binance
7.8,9987.7,1,BUY,1730838149,BOB,USDT,binance
7.8,9987.7,1,BUY,1730852476,BOB,USDT,binance
7.88,5565.49,1,BUY,1729356308,BOB,USDT,binance
7.88,5565.49,1,BUY,1729365179,BOB,USDT,binance
7.88,5565.49,1,BUY,1729382603,BOB,USDT,binance
7.88,5565.49,1,BUY,1729430440,BOB,USDT,binance
7.88,5565.49,1,BUY,1729466298,BOB,USDT,binance
7.88,5565.49,1,BUY,1729480154,BOB,USDT,binance
7.88,5565.49,1,BUY,1729520858,BOB,USDT,binance
7.88,5565.49,1,BUY,1729551792,BOB,USDT,binance
7.88,5565.49,1,BUY,1729558082,BOB,USDT,binance
7.88,5565.49,1,BUY,1729571854,BOB,USDT,binance
7.88,5565.49,1,BUY,1729572353,BOB,USDT,binance
7.88,5565.49,1,BUY,1729577699,BOB,USDT,binance
7.88,5565.49,1,BUY,1729599561,BOB,USDT,binance
7.88,5565.49,1,BUY,1729620840,BOB,USDT,binance
7.88,5565.49,1,BUY,1729644418,BOB,USDT,binance
7.88,5565.49,1,BUY,1729664098,BOB,USDT,binance
7.88,5565.49,1,BUY,1729685950,BOB,USDT,binance
7.88,5565.49,1,BUY,1729730794,BOB,USDT,binance
7.88,5565.49,1,BUY,1729743955,BOB,USDT,binance
7.88,5565.49,1,BUY,1729758460,BOB,USDT,binance
7.88,5565.49,1,BUY,1729773705,BOB,USDT,binance
7.88,5565.49,1,BUY,1729787134,BOB,USDT,binance
7.88,5565.49,1,BUY,1729801396,BOB,USDT,binance
7.88,5565.49,1,BUY,1729820549,BOB,USDT,binance
7.88,5565.49,1,BUY,1729830447,BOB,USDT,binance
7.88,5565.49,1,BUY,1729844838,BOB,USDT,binance
7.88,5565.49,1,BUY,1729860080,BOB,USDT,binance
7.88,5565.49,1,BUY,1729873608,BOB,USDT,binance
7.88,5565.49,1,BUY,1729887822,BOB,USDT,binance
7.88,5565.49,1,BUY,1729906742,BOB,USDT,binance
7.88,5565.49,1,BUY,1729916754,BOB,USDT,binance
7.88,5565.49,1,BUY,1729931080,BOB,USDT,binance
7.88,5565.49,1,BUY,1729946307,BOB,USDT,binance
7.88,5565.49,1,BUY,1729959873,BOB,USDT,binance
7.88,5565.49,1,BUY,1729974065,BOB,USDT,binance
7.88,5565.49,1,BUY,1729993668,BOB,USDT,binance
7.88,5565.49,1,BUY,1730003135,BOB,USDT,binance
7.88,5565.49,1,BUY,1730017603,BOB,USDT,binance
7.88,5565.49,1,BUY,1730032701,BOB,USDT,binance
7.88,5565.49,1,BUY,1730046368,BOB,USDT,binance
7.88,5565.49,1,BUY,1730060555,BOB,USDT,binance
7.88,5565.49,1,BUY,1730079969,BOB,USDT,binance
7.88,5565.49,1,BUY,1730089605,BOB,USDT,binance
7.88,5565.49,1,BUY,1730104117,BOB,USDT,binance
7.88,5565.49,1,BUY,1730119401,BOB,USDT,binance
7.88,5565.49,1,BUY,1730132858,BOB,USDT,binance
7.88,5565.49,1,BUY,1730147011,BOB,USDT,binance
7.88,5565.49,1,BUY,1730166231,BOB,USDT,binance
7.88,5565.49,1,BUY,1730175979,BOB,USDT,binance
7.88,5565.49,1,BUY,1730190467,BOB,USDT,binance
7.88,5565.49,1,BUY,1730205746,BOB,USDT,binance
7.88,5565.49,1,BUY,1730219263,BOB,USDT,binance
7.88,5565.49,1,BUY,1730233397,BOB,USDT,binance
7.88,5565.49,1,BUY,1730252566,BOB,USDT,binance
7.88,5565.49,1,BUY,1730262365,BOB,USDT,binance
7.88,5565.49,1,BUY,1730276997,BOB,USDT,binance
7.88,5565.49,1,BUY,1730292124,BOB,USDT,binance
7.88,5565.49,1,BUY,1730305645,BOB,USDT,binance
7.88,5565.49,1,BUY,1730306554,BOB,USDT,binance
7.88,5565.49,1,BUY,1730319776,BOB,USDT,binance
7.88,5565.49,1,BUY,1730339021,BOB,USDT,binance
7.88,5565.49,1,BUY,1730348784,BOB,USDT,binance
7.88,5565.49,1,BUY,1730363130,BOB,USDT,binance
7.88,5565.49,1,BUY,1730378489,BOB,USDT,binance
7.88,5565.49,1,BUY,1730392032,BOB,USDT,binance
7.88,5565.49,1,BUY,1730406107,BOB,USDT,binance
7.88,5565.49,1,BUY,1730425768,BOB,USDT,binance
7.88,5565.49,1,BUY,1730435133,BOB,USDT,binance
7.88,5565.49,1,BUY,1730449589,BOB,USDT,binance
7.88,5565.49,1,BUY,1730464797,BOB,USDT,binance
7.88,5565.49,1,BUY,1730478353,BOB,USDT,binance
7.88,5565.49,1,BUY,1730492559,BOB,USDT,binance
7.9,299.02,1,BUY,1729730794,BOB,USDT,binance
7.9,299.02,1,BUY,1729743955,BOB,USDT,binance
7.9,299.02,1,BUY,1729758460,BOB,USDT,binance
7.9,299.02,1,BUY,1729773705,BOB,USDT,binance
7.9,299.02,1,BUY,1729787134,BOB,USDT,binance
7.9,299.02,1,BUY,1729801396,BOB,USDT,binance
7.9,299.02,1,BUY,1729820549,BOB,USDT,binance
7.9,299.02,1,BUY,1729830447,BOB,USDT,binance
7.9,299.02,1,BUY,1729844838,BOB,USDT,binance
7.9,299.02,1,BUY,1729860080,BOB,USDT,binance
7.9,299.02,1,BUY,1729873608,BOB,USDT,binance
7.9,1299.02,2,BUY,1729887822,BOB,USDT,binance
7.9,1299.02,2,BUY,1729906742,BOB,USDT,binance
7.9,1299.02,2,BUY,1729916754,BOB,USDT,binance
7.9,1299.02,2,BUY,1729931080,BOB,USDT,binance
7.9,1299.02,2,BUY,1729946307,BOB,USDT,binance
7.9,1299.02,2,BUY,1729959873,BOB,USDT,binance
7.9,1299.02,2,BUY,1729974065,BOB,USDT,binance
7.9,1299.02,2,BUY,1729993668,BOB,USDT,binance
7.9,1299.02,2,BUY,1730003135,BOB,USDT,binance
7.9,1299.02,2,BUY,1730017603,BOB,USDT,binance
7.9,1299.02,2,BUY,1730032701,BOB,USDT,binance
7.9,1299.02,2,BUY,1730046368,BOB,USDT,binance
7.9,1299.02,2,BUY,1730060555,BOB,USDT,binance
7.9,1299.02,2,BUY,1730079969,BOB,USDT,binance
7.9,1299.02,2,BUY,1730089605,BOB,USDT,binance
7.9,1299.02,2,BUY,1730104117,BOB,USDT,binance
7.9,1299.02,2,BUY,1730119401,BOB,USDT,binance
7.9,1299.02,2,BUY,1730132858,BOB,USDT,binance
7.9,1299.02,2,BUY,1730147011,BOB,USDT,binance
7.9,1299.02,2,BUY,1730166231,BOB,USDT,binance
7.9,1299.02,2,BUY,1730175979,BOB,USDT,binance
7.9,1299.02,2,BUY,1730190467,BOB,USDT,binance
7.9,1299.02,2,BUY,1730205746,BOB,USDT,binance
7.9,1299.02,2,BUY,1730219263,BOB,USDT,binance
7.9,1299.02,2,BUY,1730233397,BOB,USDT,binance
7.9,1299.02,2,BUY,1730252566,BOB,USDT,binance
7.9,1299.02,2,BUY,1730262365,BOB,USDT,binance
7.9,1299.02,2,BUY,1730276997,BOB,USDT,binance
7.9,1000.0,1,BUY,1730292124,BOB,USDT,binance
7.9,1000.0,1,BUY,1730305645,BOB,USDT,binance
7.9,1000.0,1,BUY,1730306554,BOB,USDT,binance
7.9,1000.0,1,BUY,1730319776,BOB,USDT,binance
7.9,1000.0,1,BUY,1730339021,BOB,USDT,binance
7.9,1000.0,1,BUY,1730348784,BOB,USDT,binance
7.9,1000.0,1,BUY,1730363130,BOB,USDT,binance
7.9,1000.0,1,BUY,1730378489,BOB,USDT,binance
7.9,1000.0,1,BUY,1730392032,BOB,USDT,binance
7.9,1000.0,1,BUY,1730406107,BOB,USDT,binance
7.9,1000.0,1,BUY,1730425768,BOB,USDT,binance
7.9,1000.0,1,BUY,1730435133,BOB,USDT,binance
7.9,1000.0,1,BUY,1730449589,BOB,USDT,binance
7.9,1000.0,1,BUY,1730464797,BOB,USDT,binance
7.9,1000.0,1,BUY,1730478353,BOB,USDT,binance
7.9,1000.0,1,BUY,1730492559,BOB,USDT,binance
7.9,1000.0,1,BUY,1730511614,BOB,USDT,binance
7.9,1000.0,1,BUY,1730521564,BOB,USDT,binance
7.9,1000.0,1,BUY,1730535931,BOB,USDT,binance
7.9,1000.0,1,BUY,1730551119,BOB,USDT,binance
7.9,1000.0,1,BUY,1730564737,BOB,USDT,binance
7.9,1000.0,1,BUY,1730578902,BOB,USDT,binance
7.9,1000.0,1,BUY,1730598471,BOB,USDT,binance
7.9,1000.0,1,BUY,1730607885,BOB,USDT,binance
7.9,1000.0,1,BUY,1730622250,BOB,USDT,binance
7.9,1000.0,1,BUY,1730637471,BOB,USDT,binance
7.9,1000.0,1,BUY,1730651075,BOB,USDT,binance
7.9,1000.0,1,BUY,1730665277,BOB,USDT,binance
7.9,1000.0,1,BUY,1730684651,BOB,USDT,binance
7.9,1000.0,1,BUY,1730694343,BOB,USDT,binance
7.9,1000.0,1,BUY,1730708854,BOB,USDT,binance
7.9,1000.0,1,BUY,1730724158,BOB,USDT,binance
7.9,1000.0,1,BUY,1730737589,BOB,USDT,binance
7.9,1000.0,1,BUY,1730751731,BOB,USDT,binance
7.9,1000.0,1,BUY,1730770807,BOB,USDT,binance
7.9,1000.0,1,BUY,1730780720,BOB,USDT,binance
7.9,1000.0,1,BUY,1730795209,BOB,USDT,binance
7.9,1000.0,1,BUY,1730810358,BOB,USDT,binance
7.9,1000.0,1,BUY,1730824032,BOB,USDT,binance
7.9,1000.0,1,BUY,1730838149,BOB,USDT,binance
7.9,1000.0,1,BUY,1730852476,BOB,USDT,binance
8.0,8500.0,4,BUY,1729356308,BOB,USDT,binance
8.0,8500.0,4,BUY,1729365179,BOB,USDT,binance
8.0,8500.0,4,BUY,1729382603,BOB,USDT,binance
8.0,5500.0,3,BUY,1729430440,BOB,USDT,binance
8.0,5500.0,3,BUY,1729466298,BOB,USDT,binance
8.0,5500.0,3,BUY,1729480154,BOB,USDT,binance
8.0,5500.0,3,BUY,1729520858,BOB,USDT,binance
8.0,5500.0,3,BUY,1729551792,BOB,USDT,binance
8.0,5500.0,3,BUY,1729558082,BOB,USDT,binance
8.0,5500.0,3,BUY,1729571854,BOB,USDT,binance
8.0,5500.0,3,BUY,1729572353,BOB,USDT,binance
8.0,5500.0,3,BUY,1729577699,BOB,USDT,binance
8.0,5500.0,3,BUY,1729599561,BOB,USDT,binance
8.0,5500.0,3,BUY,1729620840,BOB,USDT,binance
8.0,5500.0,3,BUY,1729644418,BOB,USDT,binance
8.0,5500.0,3,BUY,1729664098,BOB,USDT,binance
8.0,5500.0,3,BUY,1729685950,BOB,USDT,binance
8.0,5500.0,3,BUY,1729730794,BOB,USDT,binance
8.0,5500.0,3,BUY,1729743955,BOB,USDT,binance
8.0,5500.0,3,BUY,1729758460,BOB,USDT,binance
8.0,5500.0,3,BUY,1729773705,BOB,USDT,binance
8.0,5500.0,3,BUY,1729787134,BOB,USDT,binance
8.0,5500.0,3,BUY,1729801396,BOB,USDT,binance
8.0,5500.0,3,BUY,1729820549,BOB,USDT,binance
8.0,5500.0,3,BUY,1729830447,BOB,USDT,binance
8.0,5500.0,3,BUY,1729844838,BOB,USDT,binance
8.0,5500.0,3,BUY,1729860080,BOB,USDT,binance
8.0,5500.0,3,BUY,1729873608,BOB,USDT,binance
8.0,5500.0,3,BUY,1729887822,BOB,USDT,binance
8.0,5500.0,3,BUY,1729906742,BOB,USDT,binance
8.0,5500.0,3,BUY,1729916754,BOB,USDT,binance
8.0,5500.0,3,BUY,1729931080,BOB,USDT,binance
8.0,5500.0,3,BUY,1729946307,BOB,USDT,binance
8.0,5500.0,3,BUY,1729959873,BOB,USDT,binance
8.0,5500.0,3,BUY,1729974065,BOB,USDT,binance
8.0,5500.0,3,BUY,1729993668,BOB,USDT,binance
8.0,5500.0,3,BUY,1730003135,BOB,USDT,binance
8.0,5500.0,3,BUY,1730017603,BOB,USDT,binance
8.0,5500.0,3,BUY,1730032701,BOB,USDT,binance
8.0,5500.0,3,BUY,1730046368,BOB,USDT,binance
8.0,5500.0,3,BUY,1730060555,BOB,USDT,binance
8.0,5500.0,3,BUY,1730079969,BOB,USDT,binance
8.0,5500.0,3,BUY,1730089605,BOB,USDT,binance
8.0,5500.0,3,BUY,1730104117,BOB,USDT,binance
8.0,400.0,1,BUY,1730119401,BOB,USDT,binance
8.0,5500.0,3,BUY,1730132858,BOB,USDT,binance
8.0,5500.0,3,BUY,1730147011,BOB,USDT,binance
8.0,5500.0,3,BUY,1730166231,BOB,USDT,binance
8.0,5500.0,3,BUY,1730175979,BOB,USDT,binance
8.0,5500.0,3,BUY,1730190467,BOB,USDT,binance
8.0,5500.0,3,BUY,1730205746,BOB,USDT,binance
8.0,5500.0,3,BUY,1730219263,BOB,USDT,binance
8.0,5500.0,3,BUY,1730233397,BOB,USDT,binance
8.0,5500.0,3,BUY,1730252566,BOB,USDT,binance
8.0,5500.0,3,BUY,1730262365,BOB,USDT,binance
8.0,5500.0,3,BUY,1730276997,BOB,USDT,binance
8.0,5500.0,3,BUY,1730292124,BOB,USDT,binance
8.0,5500.0,3,BUY,1730305645,BOB,USDT,binance
8.0,5500.0,3,BUY,1730306554,BOB,USDT,binance
8.0,5500.0,3,BUY,1730319776,BOB,USDT,binance
8.0,5500.0,3,BUY,1730339021,BOB,USDT,binance
8.0,5500.0,3,BUY,1730348784,BOB,USDT,binance
8.0,5500.0,3,BUY,1730363130,BOB,USDT,binance
8.0,5500.0,3,BUY,1730378489,BOB,USDT,binance
8.0,5500.0,3,BUY,1730392032,BOB,USDT,binance
8.0,5500.0,3,BUY,1730406107,BOB,USDT,binance
8.0,5500.0,3,BUY,1730425768,BOB,USDT,binance
8.0,5500.0,3,BUY,1730435133,BOB,USDT,binance
8.0,5500.0,3,BUY,1730449589,BOB,USDT,binance
8.0,5500.0,3,BUY,1730464797,BOB,USDT,binance
8.0,5500.0,3,BUY,1730478353,BOB,USDT,binance
8.0,5500.0,3,BUY,1730492559,BOB,USDT,binance
8.0,5500.0,3,BUY,1730511614,BOB,USDT,binance
8.0,5500.0,3,BUY,1730521564,BOB,USDT,binance
8.0,5500.0,3,BUY,1730535931,BOB,USDT,binance
8.0,5500.0,3,BUY,1730551119,BOB,USDT,binance
8.0,5500.0,3,BUY,1730564737,BOB,USDT,binance
8.0,5500.0,3,BUY,1730578902,BOB,USDT,binance
8.0,5500.0,3,BUY,1730598471,BOB,USDT,binance
8.0,5500.0,3,BUY,1730607885,BOB,USDT,binance
8.0,5500.0,3,BUY,1730622250,BOB,USDT,binance
8.0,5500.0,3,BUY,1730637471,BOB,USDT,binance
8.0,5500.0,3,BUY,1730651075,BOB,USDT,binance
8.0,5500.0,3,BUY,1730665277,BOB,USDT,binance
8.0,5500.0,3,BUY,1730684651,BOB,USDT,binance
8.0,5500.0,3,BUY,1730694343,BOB,USDT,binance
8.0,5500.0,3,BUY,1730708854,BOB,USDT,binance
8.0,5100.0,2,BUY,1730724158,BOB,USDT,binance
8.0,5100.0,2,BUY,1730737589,BOB,USDT,binance
8.0,5100.0,2,BUY,1730751731,BOB,USDT,binance
8.0,5100.0,2,BUY,1730770807,BOB,USDT,binance
8.0,5100.0,2,BUY,1730780720,BOB,USDT,binance
8.0,5100.0,2,BUY,1730795209,BOB,USDT,binance
8.0,5100.0,2,BUY,1730810358,BOB,USDT,binance
8.0,5100.0,2,BUY,1730824032,BOB,USDT,binance
8.0,5100.0,2,BUY,1730838149,BOB,USDT,binance
8.0,5100.0,2,BUY,1730852476,BOB,USDT,binance
8.2,400.0,1,BUY,1729356308,BOB,USDT,binance
8.2,400.0,1,BUY,1729365179,BOB,USDT,binance
8.2,400.0,1,BUY,1729382603,BOB,USDT,binance
8.2,400.0,1,BUY,1729430440,BOB,USDT,binance
8.2,400.0,1,BUY,1729466298,BOB,USDT,binance
8.2,400.0,1,BUY,1729480154,BOB,USDT,binance
8.2,400.0,1,BUY,1729520858,BOB,USDT,binance
8.2,400.0,1,BUY,1729551792,BOB,USDT,binance
8.2,400.0,1,BUY,1729558082,BOB,USDT,binance
8.2,400.0,1,BUY,1729571854,BOB,USDT,binance
8.2,400.0,1,BUY,1729572353,BOB,USDT,binance
8.2,400.0,1,BUY,1729577699,BOB,USDT,binance
8.2,400.0,1,BUY,1729599561,BOB,USDT,binance
8.2,400.0,1,BUY,1729620840,BOB,USDT,binance
8.2,400.0,1,BUY,1729644418,BOB,USDT,binance
8.2,400.0,1,BUY,1729664098,BOB,USDT,binance
8.2,400.0,1,BUY,1729685950,BOB,USDT,binance
8.2,400.0,1,BUY,1729730794,BOB,USDT,binance
8.2,400.0,1,BUY,1729743955,BOB,USDT,binance
8.2,400.0,1,BUY,1729758460,BOB,USDT,binance
8.2,400.0,1,BUY,1729773705,BOB,USDT,binance
8.2,400.0,1,BUY,1729787134,BOB,USDT,binance
8.2,400.0,1,BUY,1729801396,BOB,USDT,binance
8.2,400.0,1,BUY,1729820549,BOB,USDT,binance
8.2,400.0,1,BUY,1729830447,BOB,USDT,binance
8.2,400.0,1,BUY,1729844838,BOB,USDT,binance
8.2,400.0,1,BUY,1729860080,BOB,USDT,binance
8.2,400.0,1,BUY,1729873608,BOB,USDT,binance
8.2,400.0,1,BUY,1729887822,BOB,USDT,binance
8.2,400.0,1,BUY,1729906742,BOB,USDT,binance
8.2,400.0,1,BUY,1729916754,BOB,USDT,binance
8.2,400.0,1,BUY,1729931080,BOB,USDT,binance
8.2,400.0,1,BUY,1729946307,BOB,USDT,binance
8.2,400.0,1,BUY,1729959873,BOB,USDT,binance
8.2,400.0,1,BUY,1729974065,BOB,USDT,binance
8.2,400.0,1,BUY,1729993668,BOB,USDT,binance
8.2,400.0,1,BUY,1730003135,BOB,USDT,binance
8.2,400.0,1,BUY,1730017603,BOB,USDT,binance
8.2,400.0,1,BUY,1730032701,BOB,USDT,binance
8.2,400.0,1,BUY,1730046368,BOB,USDT,binance
8.2,400.0,1,BUY,1730060555,BOB,USDT,binance
8.2,400.0,1,BUY,1730079969,BOB,USDT,binance
8.2,400.0,1,BUY,1730089605,BOB,USDT,binance
8.2,400.0,1,BUY,1730104117,BOB,USDT,binance
8.2,400.0,1,BUY,1730132858,BOB,USDT,binance
8.2,400.0,1,BUY,1730147011,BOB,USDT,binance
8.2,400.0,1,BUY,1730166231,BOB,USDT,binance
8.2,400.0,1,BUY,1730175979,BOB,USDT,binance
8.2,400.0,1,BUY,1730190467,BOB,USDT,binance
8.2,400.0,1,BUY,1730205746,BOB,USDT,binance
8.2,400.0,1,BUY,1730219263,BOB,USDT,binance
8.2,400.0,1,BUY,1730233397,BOB,USDT,binance
8.2,400.0,1,BUY,1730252566,BOB,USDT,binance
8.2,400.0,1,BUY,1730262365,BOB,USDT,binance
8.2,400.0,1,BUY,1730276997,BOB,USDT,binance
8.2,400.0,1,BUY,1730292124,BOB,USDT,binance
8.2,400.0,1,BUY,1730305645,BOB,USDT,binance
8.2,400.0,1,BUY,1730306554,BOB,USDT,binance
8.2,400.0,1,BUY,1730319776,BOB,USDT,binance
8.2,400.0,1,BUY,1730339021,BOB,USDT,binance
8.2,400.0,1,BUY,1730348784,BOB,USDT,binance
8.2,400.0,1,BUY,1730363130,BOB,USDT,binance
8.2,400.0,1,BUY,1730378489,BOB,USDT,binance
8.2,400.0,1,BUY,1730392032,BOB,USDT,binance
8.2,400.0,1,BUY,1730406107,BOB,USDT,binance
8.2,400.0,1,BUY,1730425768,BOB,USDT,binance
8.2,400.0,1,BUY,1730435133,BOB,USDT,binance
8.2,400.0,1,BUY,1730449589,BOB,USDT,binance
8.2,400.0,1,BUY,1730464797,BOB,USDT,binance
8.2,400.0,1,BUY,1730478353,BOB,USDT,binance
8.2,400.0,1,BUY,1730492559,BOB,USDT,binance
8.2,400.0,1,BUY,1730511614,BOB,USDT,binance
8.2,400.0,1,BUY,1730521564,BOB,USDT,binance
8.2,400.0,1,BUY,1730535931,BOB,USDT,binance
8.2,400.0,1,BUY,1730551119,BOB,USDT,binance
8.2,400.0,1,BUY,1730564737,BOB,USDT,binance
8.2,400.0,1,BUY,1730578902,BOB,USDT,binance
8.2,400.0,1,BUY,1730598471,BOB,USDT,binance
8.2,400.0,1,BUY,1730607885,BOB,USDT,binance
8.2,400.0,1,BUY,1730622250,BOB,USDT,binance
8.2,400.0,1,BUY,1730637471,BOB,USDT,binance
8.2,400.0,1,BUY,1730651075,BOB,USDT,binance
8.2,400.0,1,BUY,1730665277,BOB,USDT,binance
8.2,400.0,1,BUY,1730684651,BOB,USDT,binance
8.2,400.0,1,BUY,1730694343,BOB,USDT,binance
8.2,400.0,1,BUY,1730708854,BOB,USDT,binance
8.2,400.0,1,BUY,1730724158,BOB,USDT,binance
8.2,400.0,1,BUY,1730737589,BOB,USDT,binance
8.2,400.0,1,BUY,1730751731,BOB,USDT,binance
8.2,400.0,1,BUY,1730770807,BOB,USDT,binance
8.2,400.0,1,BUY,1730780720,BOB,USDT,binance
8.2,400.0,1,BUY,1730795209,BOB,USDT,binance
8.2,400.0,1,BUY,1730810358,BOB,USDT,binance
8.2,400.0,1,BUY,1730824032,BOB,USDT,binance
8.2,400.0,1,BUY,1730838149,BOB,USDT,binance
8.2,400.0,1,BUY,1730852476,BOB,USDT,binance
8.36,1000.0,1,BUY,1729356308,BOB,USDT,binance
8.36,1000.0,1,BUY,1729365179,BOB,USDT,binance
8.36,1000.0,1,BUY,1729382603,BOB,USDT,binance
8.36,1000.0,1,BUY,1729430440,BOB,USDT,binance
8.36,1000.0,1,BUY,1729466298,BOB,USDT,binance
8.36,1000.0,1,BUY,1729480154,BOB,USDT,binance
8.36,1000.0,1,BUY,1729520858,BOB,USDT,binance
8.36,1000.0,1,BUY,1729551792,BOB,USDT,binance
8.36,1000.0,1,BUY,1729558082,BOB,USDT,binance
8.36,1000.0,1,BUY,1729571854,BOB,USDT,binance
8.36,1000.0,1,BUY,1729572353,BOB,USDT,binance
8.36,1000.0,1,BUY,1729577699,BOB,USDT,binance
8.36,1000.0,1,BUY,1729599561,BOB,USDT,binance
8.36,1000.0,1,BUY,1729620840,BOB,USDT,binance
8.36,1000.0,1,BUY,1729644418,BOB,USDT,binance
8.36,1000.0,1,BUY,1729664098,BOB,USDT,binance
8.36,1000.0,1,BUY,1729685950,BOB,USDT,binance
8.36,1000.0,1,BUY,1729730794,BOB,USDT,binance
8.36,1000.0,1,BUY,1729743955,BOB,USDT,binance
8.36,1000.0,1,BUY,1729758460,BOB,USDT,binance
8.36,1000.0,1,BUY,1729773705,BOB,USDT,binance
8.36,1000.0,1,BUY,1729787134,BOB,USDT,binance
8.36,1000.0,1,BUY,1729801396,BOB,USDT,binance
8.36,1000.0,1,BUY,1729820549,BOB,USDT,binance
8.36,1000.0,1,BUY,1729830447,BOB,USDT,binance
8.36,1000.0,1,BUY,1729844838,BOB,USDT,binance
8.36,1000.0,1,BUY,1729860080,BOB,USDT,binance
8.36,1000.0,1,BUY,1729873608,BOB,USDT,binance
8.36,1000.0,1,BUY,1729887822,BOB,USDT,binance
8.36,1000.0,1,BUY,1729906742,BOB,USDT,binance
8.36,1000.0,1,BUY,1729916754,BOB,USDT,binance
8.36,1000.0,1,BUY,1729931080,BOB,USDT,binance
8.36,1000.0,1,BUY,1729946307,BOB,USDT,binance
8.36,1000.0,1,BUY,1729959873,BOB,USDT,binance
8.36,1000.0,1,BUY,1729974065,BOB,USDT,binance
8.36,1000.0,1,BUY,1729993668,BOB,USDT,binance
8.36,1000.0,1,BUY,1730003135,BOB,USDT,binance
8.36,1000.0,1,BUY,1730017603,BOB,USDT,binance
8.36,1000.0,1,BUY,1730032701,BOB,USDT,binance
8.36,1000.0,1,BUY,1730046368,BOB,USDT,binance
8.36,1000.0,1,BUY,1730060555,BOB,USDT,binance
8.36,1000.0,1,BUY,1730079969,BOB,USDT,binance
8.36,1000.0,1,BUY,1730089605,BOB,USDT,binance
8.36,1000.0,1,BUY,1730104117,BOB,USDT,binance
8.36,1000.0,1,BUY,1730132858,BOB,USDT,binance
8.36,1000.0,1,BUY,1730147011,BOB,USDT,binance
