price,available,advertisers_qty,type,timestamp,curr_from,curr_to,source
11.61,202.93,2,SELL,1723154300.0,USD,BOB,binance
11.62,100.0,1,SELL,1723154300.0,USD,BOB,binance
11.63,144.33,1,SELL,1723154300.0,USD,BOB,binance
11.66,345.77,1,SELL,1723154300.0,USD,BOB,binance
11.67,55.94,1,SELL,1723154300.0,USD,BOB,binance
11.7,246.11,1,SELL,1723154300.0,USD,BOB,binance
11.72,20.93,1,SELL,1723154300.0,USD,BOB,binance
11.75,13.27,1,SELL,1723154300.0,USD,BOB,binance
11.8,1836.14,1,SELL,1723154300.0,USD,BOB,binance
11.96,521.79,1,SELL,1723154300.0,USD,BOB,binance
12.0,369.34,2,SELL,1723154300.0,USD,BOB,binance
12.05,1795.4,1,SELL,1723154300.0,USD,BOB,binance
12.08,998.4,1,SELL,1723154300.0,USD,BOB,binance
12.1,711.48,3,SELL,1723154300.0,USD,BOB,binance
12.15,1527.63,1,SELL,1723154300.0,USD,BOB,binance
12.19,998.01,1,SELL,1723154300.0,USD,BOB,binance
12.4,574.59,1,SELL,1723154300.0,USD,BOB,binance
12.5,895.18,3,SELL,1723154300.0,USD,BOB,binance
12.56,81.0,1,SELL,1723154300.0,USD,BOB,binance
12.59,99.8,1,SELL,1723154300.0,USD,BOB,binance
12.6,2648.16,2,SELL,1723154300.0,USD,BOB,binance
12.8,178.87,1,SELL,1723154300.0,USD,BOB,binance
12.85,832.65,2,SELL,1723154300.0,USD,BOB,binance
12.91,91.29,1,SELL,1723154300.0,USD,BOB,binance
12.93,371.46,2,SELL,1723154300.0,USD,BOB,binance
12.94,196.99,1,SELL,1723154300.0,USD,BOB,binance
12.95,178.56,1,SELL,1723154300.0,USD,BOB,binance
13.0,3652.69,3,SELL,1723154300.0,USD,BOB,binance
13.05,1846.3,1,SELL,1723154300.0,USD,BOB,binance
13.06,750.82,1,SELL,1723154300.0,USD,BOB,binance
13.1,4345.38,3,SELL,1723154300.0,USD,BOB,binance
13.16,110.64,1,SELL,1723154300.0,USD,BOB,binance
13.2,1241.13,2,SELL,1723154300.0,USD,BOB,binance
13.3,205.84,3,SELL,1723154300.0,USD,BOB,binance
13.34,49.72,1,SELL,1723154300.0,USD,BOB,binance
13.46,11.88,1,SELL,1723154300.0,USD,BOB,binance
13.48,368.22,1,SELL,1723154300.0,USD,BOB,binance
13.5,657.37,1,SELL,1723154300.0,USD,BOB,binance
13.6,205.0,2,SELL,1723154300.0,USD,BOB,binance
13.67,106.05,1,SELL,1723154300.0,USD,BOB,binance
13.68,499.0,1,SELL,1723154300.0,USD,BOB,binance
13.72,215.47,2,SELL,1723154300.0,USD,BOB,binance
13.74,123.65,1,SELL,1723154300.0,USD,BOB,binance
13.8,5475.68,5,SELL,1723154300.0,USD,BOB,binance
13.82,1153.4,3,SELL,1723154300.0,USD,BOB,binance
13.85,239.99,1,SELL,1723154300.0,USD,BOB,binance
12.4,100.0,1,BUY,1723154300.0,BOB,USD,binance
11.51,2851.21,1,BUY,1723154300.0,BOB,USD,binance
11.46,300.0,1,BUY,1723154300.0,BOB,USD,binance
11.4,40.25,2,BUY,1723154300.0,BOB,USD,binance
11.32,7270.18,1,BUY,1723154300.0,BOB,USD,binance
11.3,18806.23,4,BUY,1723154300.0,BOB,USD,binance
11.25,202.82,1,BUY,1723154300.0,BOB,USD,binance
11.2,902.87,1,BUY,1723154300.0,BOB,USD,binance
11.15,51.05,1,BUY,1723154300.0,BOB,USD,binance
11.1,35692.66,2,BUY,1723154300.0,BOB,USD,binance
11.0,17264.71,7,BUY,1723154300.0,BOB,USD,binance
10.95,18304.51,1,BUY,1723154300.0,BOB,USD,binance
10.9,100.0,1,BUY,1723154300.0,BOB,USD,binance
10.8,15000.0,1,BUY,1723154300.0,BOB,USD,binance
10.7,19587.87,1,BUY,1723154300.0,BOB,USD,binance
10.61,13877.38,1,BUY,1723154300.0,BOB,USD,binance
10.57,15029.45,1,BUY,1723154300.0,BOB,USD,binance
10.5,887.84,1,BUY,1723154300.0,BOB,USD,binance
10.43,1000.0,1,BUY,1723154300.0,BOB,USD,binance
10.2,1980.05,2,BUY,1723154300.0,BOB,USD,binance
10.12,89.85,1,BUY,1723154300.0,BOB,USD,binance
10.0,1905.11,4,BUY,1723154300.0,BOB,USD,binance
9.5,59977.2,2,BUY,1723154300.0,BOB,USD,binance
9.0,588.91,3,BUY,1723154300.0,BOB,USD,binance
8.63,95.63,1,BUY,1723154300.0,BOB,USD,binance
8.5,2000.0,1,BUY,1723154300.0,BOB,USD,binance
8.38,2000.0,1,BUY,1723154300.0,BOB,USD,binance
8.2,400.0,1,BUY,1723154300.0,BOB,USD,binance
8.01,251.57,1,BUY,1723154300.0,BOB,USD,binance
8.0,100.0,1,BUY,1723154300.0,BOB,USD,binance
7.8,10769.0,2,BUY,1723154300.0,BOB,USD,binance
7.52,14454.7,1,BUY,1723154300.0,BOB,USD,binance
7.5,199.95,1,BUY,1723154300.0,BOB,USD,binance
7.3,89.83,1,BUY,1723154300.0,BOB,USD,binance
7.25,4882.59,1,BUY,1723154300.0,BOB,USD,binance
7.2,3000.0,1,BUY,1723154300.0,BOB,USD,binance
7.15,7015.0,1,BUY,1723154300.0,BOB,USD,binance
7.0,12585.72,3,BUY,1723154300.0,BOB,USD,binance
6.97,18457.12,1,BUY,1723154300.0,BOB,USD,binance
6.96,20600.0,2,BUY,1723154300.0,BOB,USD,binance
6.9,200.0,2,BUY,1723154300.0,BOB,USD,binance
11.56,120.49,1,SELL,1723159372.0,USD,BOB,binance
11.57,340.96,1,SELL,1723159372.0,USD,BOB,binance
11.58,147.79,1,SELL,1723159372.0,USD,BOB,binance
11.6,728.61,2,SELL,1723159372.0,USD,BOB,binance
11.62,345.77,1,SELL,1723159372.0,USD,BOB,binance
11.63,76.16,1,SELL,1723159372.0,USD,BOB,binance
11.65,437.5,2,SELL,1723159372.0,USD,BOB,binance
11.67,34.53,1,SELL,1723159372.0,USD,BOB,binance
11.69,998.01,1,SELL,1723159372.0,USD,BOB,binance
11.72,20.93,1,SELL,1723159372.0,USD,BOB,binance
11.8,2239.52,2,SELL,1723159372.0,USD,BOB,binance
11.96,521.79,1,SELL,1723159372.0,USD,BOB,binance
12.0,2057.6,3,SELL,1723159372.0,USD,BOB,binance
12.05,1792.51,1,SELL,1723159372.0,USD,BOB,binance
12.08,998.4,1,SELL,1723159372.0,USD,BOB,binance
12.1,703.22,3,SELL,1723159372.0,USD,BOB,binance
12.24,1153.48,1,SELL,1723159372.0,USD,BOB,binance
12.4,574.59,1,SELL,1723159372.0,USD,BOB,binance
12.5,439.65,2,SELL,1723159372.0,USD,BOB,binance
12.56,81.0,1,SELL,1723159372.0,USD,BOB,binance
12.59,99.8,1,SELL,1723159372.0,USD,BOB,binance
12.6,2648.16,2,SELL,1723159372.0,USD,BOB,binance
12.67,339.48,1,SELL,1723159372.0,USD,BOB,binance
12.8,178.87,1,SELL,1723159372.0,USD,BOB,binance
12.85,832.65,2,SELL,1723159372.0,USD,BOB,binance
12.91,91.29,1,SELL,1723159372.0,USD,BOB,binance
12.93,99.84,1,SELL,1723159372.0,USD,BOB,binance
12.94,196.99,1,SELL,1723159372.0,USD,BOB,binance
12.95,178.56,1,SELL,1723159372.0,USD,BOB,binance
12.98,1996.8,1,SELL,1723159372.0,USD,BOB,binance
13.0,3652.69,3,SELL,1723159372.0,USD,BOB,binance
13.05,1846.3,1,SELL,1723159372.0,USD,BOB,binance
13.1,4345.38,3,SELL,1723159372.0,USD,BOB,binance
13.16,110.64,1,SELL,1723159372.0,USD,BOB,binance
13.2,108.45,1,SELL,1723159372.0,USD,BOB,binance
13.3,205.84,3,SELL,1723159372.0,USD,BOB,binance
13.34,49.72,1,SELL,1723159372.0,USD,BOB,binance
13.46,11.88,1,SELL,1723159372.0,USD,BOB,binance
13.48,368.22,1,SELL,1723159372.0,USD,BOB,binance
13.5,657.37,1,SELL,1723159372.0,USD,BOB,binance
13.6,205.0,2,SELL,1723159372.0,USD,BOB,binance
13.68,499.0,1,SELL,1723159372.0,USD,BOB,binance
13.72,215.47,2,SELL,1723159372.0,USD,BOB,binance
13.74,123.65,1,SELL,1723159372.0,USD,BOB,binance
13.8,5472.8,5,SELL,1723159372.0,USD,BOB,binance
13.82,1153.4,3,SELL,1723159372.0,USD,BOB,binance
13.85,239.99,1,SELL,1723159372.0,USD,BOB,binance
12.4,100.0,1,BUY,1723159372.0,BOB,USD,binance
11.45,169.05,1,BUY,1723159372.0,BOB,USD,binance
11.4,78.15,2,BUY,1723159372.0,BOB,USD,binance
11.37,352.5,1,BUY,1723159372.0,BOB,USD,binance
11.35,100.0,1,BUY,1723159372.0,BOB,USD,binance
11.3,719.39,2,BUY,1723159372.0,BOB,USD,binance
11.25,175.92,1,BUY,1723159372.0,BOB,USD,binance
11.2,2348.03,2,BUY,1723159372.0,BOB,USD,binance
11.15,100.0,1,BUY,1723159372.0,BOB,USD,binance
11.1,35650.16,2,BUY,1723159372.0,BOB,USD,binance
11.01,100.0,1,BUY,1723159372.0,BOB,USD,binance
11.0,7364.71,7,BUY,1723159372.0,BOB,USD,binance
10.9,100.0,1,BUY,1723159372.0,BOB,USD,binance
10.8,15000.0,1,BUY,1723159372.0,BOB,USD,binance
10.7,19587.87,1,BUY,1723159372.0,BOB,USD,binance
10.59,13877.38,1,BUY,1723159372.0,BOB,USD,binance
10.56,15029.45,1,BUY,1723159372.0,BOB,USD,binance
10.5,887.84,1,BUY,1723159372.0,BOB,USD,binance
10.43,1000.0,1,BUY,1723159372.0,BOB,USD,binance
10.42,10000.0,1,BUY,1723159372.0,BOB,USD,binance
10.2,1980.05,2,BUY,1723159372.0,BOB,USD,binance
10.12,89.85,1,BUY,1723159372.0,BOB,USD,binance
10.0,1905.11,4,BUY,1723159372.0,BOB,USD,binance
9.5,59977.2,2,BUY,1723159372.0,BOB,USD,binance
9.0,588.91,3,BUY,1723159372.0,BOB,USD,binance
8.63,95.63,1,BUY,1723159372.0,BOB,USD,binance
8.5,2000.0,1,BUY,1723159372.0,BOB,USD,binance
8.38,2000.0,1,BUY,1723159372.0,BOB,USD,binance
8.2,400.0,1,BUY,1723159372.0,BOB,USD,binance
8.01,251.57,1,BUY,1723159372.0,BOB,USD,binance
8.0,100.0,1,BUY,1723159372.0,BOB,USD,binance
7.8,10754.85,2,BUY,1723159372.0,BOB,USD,binance
7.52,14454.7,1,BUY,1723159372.0,BOB,USD,binance
7.5,199.95,1,BUY,1723159372.0,BOB,USD,binance
7.3,89.83,1,BUY,1723159372.0,BOB,USD,binance
7.25,4882.59,1,BUY,1723159372.0,BOB,USD,binance
7.2,3000.0,1,BUY,1723159372.0,BOB,USD,binance
7.15,7015.0,1,BUY,1723159372.0,BOB,USD,binance
7.0,12585.72,3,BUY,1723159372.0,BOB,USD,binance
6.97,18457.12,1,BUY,1723159372.0,BOB,USD,binance
6.96,20600.0,2,BUY,1723159372.0,BOB,USD,binance
6.9,200.0,2,BUY,1723159372.0,BOB,USD,binance
11.56,120.49,1,SELL,1723159372.0,USD,BOB,binance
11.57,340.96,1,SELL,1723159372.0,USD,BOB,binance
11.58,147.79,1,SELL,1723159372.0,USD,BOB,binance
11.6,728.61,2,SELL,1723159372.0,USD,BOB,binance
11.62,345.77,1,SELL,1723159372.0,USD,BOB,binance
11.63,76.16,1,SELL,1723159372.0,USD,BOB,binance
11.65,437.5,2,SELL,1723159372.0,USD,BOB,binance
11.67,34.53,1,SELL,1723159372.0,USD,BOB,binance
11.69,998.01,1,SELL,1723159372.0,USD,BOB,binance
11.72,20.93,1,SELL,1723159372.0,USD,BOB,binance
11.8,2239.52,2,SELL,1723159372.0,USD,BOB,binance
11.96,521.79,1,SELL,1723159372.0,USD,BOB,binance
12.0,2057.6,3,SELL,1723159372.0,USD,BOB,binance
12.05,1792.51,1,SELL,1723159372.0,USD,BOB,binance
12.08,998.4,1,SELL,1723159372.0,USD,BOB,binance
12.1,703.22,3,SELL,1723159372.0,USD,BOB,binance
12.24,1153.48,1,SELL,1723159372.0,USD,BOB,binance
12.4,574.59,1,SELL,1723159372.0,USD,BOB,binance
12.5,439.65,2,SELL,1723159372.0,USD,BOB,binance
12.56,81.0,1,SELL,1723159372.0,USD,BOB,binance
12.59,99.8,1,SELL,1723159372.0,USD,BOB,binance
12.6,2648.16,2,SELL,1723159372.0,USD,BOB,binance
12.67,339.48,1,SELL,1723159372.0,USD,BOB,binance
12.8,178.87,1,SELL,1723159372.0,USD,BOB,binance
12.85,832.65,2,SELL,1723159372.0,USD,BOB,binance
12.91,91.29,1,SELL,1723159372.0,USD,BOB,binance
12.93,99.84,1,SELL,1723159372.0,USD,BOB,binance
12.94,196.99,1,SELL,1723159372.0,USD,BOB,binance
12.95,178.56,1,SELL,1723159372.0,USD,BOB,binance
12.98,1996.8,1,SELL,1723159372.0,USD,BOB,binance
13.0,3652.69,3,SELL,1723159372.0,USD,BOB,binance
13.05,1846.3,1,SELL,1723159372.0,USD,BOB,binance
13.1,4345.38,3,SELL,1723159372.0,USD,BOB,binance
13.16,110.64,1,SELL,1723159372.0,USD,BOB,binance
13.2,108.45,1,SELL,1723159372.0,USD,BOB,binance
13.3,205.84,3,SELL,1723159372.0,USD,BOB,binance
13.34,49.72,1,SELL,1723159372.0,USD,BOB,binance
13.46,11.88,1,SELL,1723159372.0,USD,BOB,binance
13.48,368.22,1,SELL,1723159372.0,USD,BOB,binance
13.5,657.37,1,SELL,1723159372.0,USD,BOB,binance
13.6,205.0,2,SELL,1723159372.0,USD,BOB,binance
13.68,499.0,1,SELL,1723159372.0,USD,BOB,binance
13.72,215.47,2,SELL,1723159372.0,USD,BOB,binance
13.74,123.65,1,SELL,1723159372.0,USD,BOB,binance
13.8,5472.8,5,SELL,1723159372.0,USD,BOB,binance
13.82,1153.4,3,SELL,1723159372.0,USD,BOB,binance
13.85,239.99,1,SELL,1723159372.0,USD,BOB,binance
12.4,100.0,1,BUY,1723159372.0,BOB,USD,binance
11.45,169.05,1,BUY,1723159372.0,BOB,USD,binance
11.4,78.15,2,BUY,1723159372.0,BOB,USD,binance
11.37,352.5,1,BUY,1723159372.0,BOB,USD,binance
11.35,100.0,1,BUY,1723159372.0,BOB,USD,binance
11.3,719.39,2,BUY,1723159372.0,BOB,USD,binance
11.25,175.92,1,BUY,1723159372.0,BOB,USD,binance
11.2,2348.03,2,BUY,1723159372.0,BOB,USD,binance
11.15,100.0,1,BUY,1723159372.0,BOB,USD,binance
11.1,35650.16,2,BUY,1723159372.0,BOB,USD,binance
11.01,100.0,1,BUY,1723159372.0,BOB,USD,binance
11.0,7364.71,7,BUY,1723159372.0,BOB,USD,binance
10.9,100.0,1,BUY,1723159372.0,BOB,USD,binance
10.8,15000.0,1,BUY,1723159372.0,BOB,USD,binance
10.7,19587.87,1,BUY,1723159372.0,BOB,USD,binance
10.59,13877.38,1,BUY,1723159372.0,BOB,USD,binance
10.56,15029.45,1,BUY,1723159372.0,BOB,USD,binance
10.5,887.84,1,BUY,1723159372.0,BOB,USD,binance
10.43,1000.0,1,BUY,1723159372.0,BOB,USD,binance
10.42,10000.0,1,BUY,1723159372.0,BOB,USD,binance
10.2,1980.05,2,BUY,1723159372.0,BOB,USD,binance
10.12,89.85,1,BUY,1723159372.0,BOB,USD,binance
10.0,1905.11,4,BUY,1723159372.0,BOB,USD,binance
9.5,59977.2,2,BUY,1723159372.0,BOB,USD,binance
9.0,588.91,3,BUY,1723159372.0,BOB,USD,binance
8.63,95.63,1,BUY,1723159372.0,BOB,USD,binance
8.5,2000.0,1,BUY,1723159372.0,BOB,USD,binance
8.38,2000.0,1,BUY,1723159372.0,BOB,USD,binance
8.2,400.0,1,BUY,1723159372.0,BOB,USD,binance
8.01,251.57,1,BUY,1723159372.0,BOB,USD,binance
8.0,100.0,1,BUY,1723159372.0,BOB,USD,binance
7.8,10754.85,2,BUY,1723159372.0,BOB,USD,binance
7.52,14454.7,1,BUY,1723159372.0,BOB,USD,binance
7.5,199.95,1,BUY,1723159372.0,BOB,USD,binance
7.3,89.83,1,BUY,1723159372.0,BOB,USD,binance
7.25,4882.59,1,BUY,1723159372.0,BOB,USD,binance
7.2,3000.0,1,BUY,1723159372.0,BOB,USD,binance
7.15,7015.0,1,BUY,1723159372.0,BOB,USD,binance
7.0,12585.72,3,BUY,1723159372.0,BOB,USD,binance
6.97,18457.12,1,BUY,1723159372.0,BOB,USD,binance
6.96,20600.0,2,BUY,1723159372.0,BOB,USD,binance
6.9,200.0,2,BUY,1723159372.0,BOB,USD,binance
11.56,90.44,1,SELL,1723159547.0,USD,BOB,binance
11.57,340.96,1,SELL,1723159547.0,USD,BOB,binance
11.58,147.79,1,SELL,1723159547.0,USD,BOB,binance
11.6,728.61,2,SELL,1723159547.0,USD,BOB,binance
11.62,345.77,1,SELL,1723159547.0,USD,BOB,binance
11.63,76.16,1,SELL,1723159547.0,USD,BOB,binance
11.65,437.5,2,SELL,1723159547.0,USD,BOB,binance
11.67,34.53,1,SELL,1723159547.0,USD,BOB,binance
11.69,998.01,1,SELL,1723159547.0,USD,BOB,binance
11.72,20.93,1,SELL,1723159547.0,USD,BOB,binance
11.8,2239.52,2,SELL,1723159547.0,USD,BOB,binance
11.96,521.79,1,SELL,1723159547.0,USD,BOB,binance
12.0,2057.6,3,SELL,1723159547.0,USD,BOB,binance
12.05,1792.51,1,SELL,1723159547.0,USD,BOB,binance
12.08,998.4,1,SELL,1723159547.0,USD,BOB,binance
12.1,703.22,3,SELL,1723159547.0,USD,BOB,binance
12.24,1153.48,1,SELL,1723159547.0,USD,BOB,binance
12.4,574.59,1,SELL,1723159547.0,USD,BOB,binance
12.5,439.65,2,SELL,1723159547.0,USD,BOB,binance
12.56,81.0,1,SELL,1723159547.0,USD,BOB,binance
12.59,99.8,1,SELL,1723159547.0,USD,BOB,binance
12.6,2648.16,2,SELL,1723159547.0,USD,BOB,binance
12.67,339.48,1,SELL,1723159547.0,USD,BOB,binance
12.8,178.87,1,SELL,1723159547.0,USD,BOB,binance
12.85,832.65,2,SELL,1723159547.0,USD,BOB,binance
12.91,91.29,1,SELL,1723159547.0,USD,BOB,binance
12.93,99.84,1,SELL,1723159547.0,USD,BOB,binance
12.94,196.99,1,SELL,1723159547.0,USD,BOB,binance
12.95,178.56,1,SELL,1723159547.0,USD,BOB,binance
12.98,1996.8,1,SELL,1723159547.0,USD,BOB,binance
13.0,3652.69,3,SELL,1723159547.0,USD,BOB,binance
13.05,1846.3,1,SELL,1723159547.0,USD,BOB,binance
13.1,4345.38,3,SELL,1723159547.0,USD,BOB,binance
13.16,110.64,1,SELL,1723159547.0,USD,BOB,binance
13.2,108.45,1,SELL,1723159547.0,USD,BOB,binance
13.3,205.84,3,SELL,1723159547.0,USD,BOB,binance
13.34,49.72,1,SELL,1723159547.0,USD,BOB,binance
13.46,11.88,1,SELL,1723159547.0,USD,BOB,binance
13.48,368.22,1,SELL,1723159547.0,USD,BOB,binance
13.5,657.37,1,SELL,1723159547.0,USD,BOB,binance
13.6,205.0,2,SELL,1723159547.0,USD,BOB,binance
13.68,499.0,1,SELL,1723159547.0,USD,BOB,binance
13.72,215.47,2,SELL,1723159547.0,USD,BOB,binance
13.74,123.65,1,SELL,1723159547.0,USD,BOB,binance
13.8,5472.8,5,SELL,1723159547.0,USD,BOB,binance
13.82,1153.4,3,SELL,1723159547.0,USD,BOB,binance
13.85,239.99,1,SELL,1723159547.0,USD,BOB,binance
12.4,100.0,1,BUY,1723159547.0,BOB,USD,binance
11.37,352.5,1,BUY,1723159547.0,BOB,USD,binance
11.35,100.0,1,BUY,1723159547.0,BOB,USD,binance
11.3,719.39,2,BUY,1723159547.0,BOB,USD,binance
11.25,175.92,1,BUY,1723159547.0,BOB,USD,binance
11.2,2348.03,2,BUY,1723159547.0,BOB,USD,binance
11.15,100.0,1,BUY,1723159547.0,BOB,USD,binance
11.1,35645.2,2,BUY,1723159547.0,BOB,USD,binance
11.01,100.0,1,BUY,1723159547.0,BOB,USD,binance
11.0,7364.71,7,BUY,1723159547.0,BOB,USD,binance
10.9,100.0,1,BUY,1723159547.0,BOB,USD,binance
10.8,15000.0,1,BUY,1723159547.0,BOB,USD,binance
10.7,19587.87,1,BUY,1723159547.0,BOB,USD,binance
10.6,13877.38,1,BUY,1723159547.0,BOB,USD,binance
10.56,15029.45,1,BUY,1723159547.0,BOB,USD,binance
10.5,887.84,1,BUY,1723159547.0,BOB,USD,binance
10.43,1000.0,1,BUY,1723159547.0,BOB,USD,binance
10.42,10000.0,1,BUY,1723159547.0,BOB,USD,binance
10.2,1980.05,2,BUY,1723159547.0,BOB,USD,binance
10.12,89.85,1,BUY,1723159547.0,BOB,USD,binance
10.0,1905.11,4,BUY,1723159547.0,BOB,USD,binance
9.5,59977.2,2,BUY,1723159547.0,BOB,USD,binance
9.0,588.91,3,BUY,1723159547.0,BOB,USD,binance
8.63,95.63,1,BUY,1723159547.0,BOB,USD,binance
8.5,2000.0,1,BUY,1723159547.0,BOB,USD,binance
8.38,2000.0,1,BUY,1723159547.0,BOB,USD,binance
8.2,400.0,1,BUY,1723159547.0,BOB,USD,binance
8.01,251.57,1,BUY,1723159547.0,BOB,USD,binance
8.0,100.0,1,BUY,1723159547.0,BOB,USD,binance
7.8,10754.85,2,BUY,1723159547.0,BOB,USD,binance
7.52,14454.7,1,BUY,1723159547.0,BOB,USD,binance
7.5,199.95,1,BUY,1723159547.0,BOB,USD,binance
7.3,89.83,1,BUY,1723159547.0,BOB,USD,binance
7.25,4882.59,1,BUY,1723159547.0,BOB,USD,binance
7.2,3000.0,1,BUY,1723159547.0,BOB,USD,binance
7.15,7015.0,1,BUY,1723159547.0,BOB,USD,binance
7.0,12585.72,3,BUY,1723159547.0,BOB,USD,binance
6.97,18457.12,1,BUY,1723159547.0,BOB,USD,binance
6.96,20600.0,2,BUY,1723159547.0,BOB,USD,binance
6.9,200.0,2,BUY,1723159547.0,BOB,USD,binance
11.56,68.02,1,SELL,1723159726.0,USD,BOB,binance
11.57,340.96,1,SELL,1723159726.0,USD,BOB,binance
11.58,147.79,1,SELL,1723159726.0,USD,BOB,binance
11.6,728.61,2,SELL,1723159726.0,USD,BOB,binance
11.62,345.77,1,SELL,1723159726.0,USD,BOB,binance
11.63,76.16,1,SELL,1723159726.0,USD,BOB,binance
11.65,437.5,2,SELL,1723159726.0,USD,BOB,binance
11.67,34.53,1,SELL,1723159726.0,USD,BOB,binance
11.69,998.01,1,SELL,1723159726.0,USD,BOB,binance
11.72,20.93,1,SELL,1723159726.0,USD,BOB,binance
11.8,2239.52,2,SELL,1723159726.0,USD,BOB,binance
11.96,521.79,1,SELL,1723159726.0,USD,BOB,binance
12.0,2057.6,3,SELL,1723159726.0,USD,BOB,binance
12.05,1792.51,1,SELL,1723159726.0,USD,BOB,binance
12.08,998.4,1,SELL,1723159726.0,USD,BOB,binance
12.1,703.22,3,SELL,1723159726.0,USD,BOB,binance
12.24,1153.48,1,SELL,1723159726.0,USD,BOB,binance
12.4,574.59,1,SELL,1723159726.0,USD,BOB,binance
12.5,439.65,2,SELL,1723159726.0,USD,BOB,binance
12.56,81.0,1,SELL,1723159726.0,USD,BOB,binance
12.59,99.8,1,SELL,1723159726.0,USD,BOB,binance
12.6,2648.16,2,SELL,1723159726.0,USD,BOB,binance
12.67,339.48,1,SELL,1723159726.0,USD,BOB,binance
12.8,178.87,1,SELL,1723159726.0,USD,BOB,binance
12.85,832.65,2,SELL,1723159726.0,USD,BOB,binance
12.91,91.29,1,SELL,1723159726.0,USD,BOB,binance
12.93,99.84,1,SELL,1723159726.0,USD,BOB,binance
12.94,196.99,1,SELL,1723159726.0,USD,BOB,binance
12.95,178.56,1,SELL,1723159726.0,USD,BOB,binance
12.98,1996.8,1,SELL,1723159726.0,USD,BOB,binance
13.0,3652.69,3,SELL,1723159726.0,USD,BOB,binance
13.05,1846.3,1,SELL,1723159726.0,USD,BOB,binance
13.1,4345.38,3,SELL,1723159726.0,USD,BOB,binance
13.16,110.64,1,SELL,1723159726.0,USD,BOB,binance
13.2,108.45,1,SELL,1723159726.0,USD,BOB,binance
13.3,36.31,1,SELL,1723159726.0,USD,BOB,binance
13.34,49.72,1,SELL,1723159726.0,USD,BOB,binance
13.46,11.88,1,SELL,1723159726.0,USD,BOB,binance
13.48,368.22,1,SELL,1723159726.0,USD,BOB,binance
13.5,657.37,1,SELL,1723159726.0,USD,BOB,binance
13.6,205.0,2,SELL,1723159726.0,USD,BOB,binance
13.68,499.0,1,SELL,1723159726.0,USD,BOB,binance
13.72,215.47,2,SELL,1723159726.0,USD,BOB,binance
13.74,123.65,1,SELL,1723159726.0,USD,BOB,binance
13.8,5472.8,5,SELL,1723159726.0,USD,BOB,binance
13.82,1153.4,3,SELL,1723159726.0,USD,BOB,binance
13.85,239.99,1,SELL,1723159726.0,USD,BOB,binance
12.4,100.0,1,BUY,1723159726.0,BOB,USD,binance
11.37,352.5,1,BUY,1723159726.0,BOB,USD,binance
11.35,14.2,1,BUY,1723159726.0,BOB,USD,binance
11.3,719.39,2,BUY,1723159726.0,BOB,USD,binance
11.25,175.92,1,BUY,1723159726.0,BOB,USD,binance
11.2,2348.03,2,BUY,1723159726.0,BOB,USD,binance
11.15,100.0,1,BUY,1723159726.0,BOB,USD,binance
11.1,35645.2,2,BUY,1723159726.0,BOB,USD,binance
11.01,100.0,1,BUY,1723159726.0,BOB,USD,binance
11.0,7364.71,7,BUY,1723159726.0,BOB,USD,binance
10.9,100.0,1,BUY,1723159726.0,BOB,USD,binance
10.8,15000.0,1,BUY,1723159726.0,BOB,USD,binance
10.7,19587.87,1,BUY,1723159726.0,BOB,USD,binance
10.59,13877.38,1,BUY,1723159726.0,BOB,USD,binance
10.56,15029.45,1,BUY,1723159726.0,BOB,USD,binance
10.5,887.84,1,BUY,1723159726.0,BOB,USD,binance
10.43,1000.0,1,BUY,1723159726.0,BOB,USD,binance
10.42,10000.0,1,BUY,1723159726.0,BOB,USD,binance
10.2,1980.05,2,BUY,1723159726.0,BOB,USD,binance
10.12,89.85,1,BUY,1723159726.0,BOB,USD,binance
10.0,1905.11,4,BUY,1723159726.0,BOB,USD,binance
9.5,59977.2,2,BUY,1723159726.0,BOB,USD,binance
9.0,588.91,3,BUY,1723159726.0,BOB,USD,binance
8.63,95.63,1,BUY,1723159726.0,BOB,USD,binance
8.5,2000.0,1,BUY,1723159726.0,BOB,USD,binance
8.38,2000.0,1,BUY,1723159726.0,BOB,USD,binance
8.2,400.0,1,BUY,1723159726.0,BOB,USD,binance
8.01,251.57,1,BUY,1723159726.0,BOB,USD,binance
8.0,100.0,1,BUY,1723159726.0,BOB,USD,binance
7.8,10754.85,2,BUY,1723159726.0,BOB,USD,binance
7.52,14454.7,1,BUY,1723159726.0,BOB,USD,binance
7.5,199.95,1,BUY,1723159726.0,BOB,USD,binance
7.3,89.83,1,BUY,1723159726.0,BOB,USD,binance
7.25,4882.59,1,BUY,1723159726.0,BOB,USD,binance
7.2,3000.0,1,BUY,1723159726.0,BOB,USD,binance
7.15,7015.0,1,BUY,1723159726.0,BOB,USD,binance
7.0,12585.72,3,BUY,1723159726.0,BOB,USD,binance
6.97,18457.12,1,BUY,1723159726.0,BOB,USD,binance
6.96,20600.0,2,BUY,1723159726.0,BOB,USD,binance
6.9,200.0,2,BUY,1723159726.0,BOB,USD,binance
11.54,499.0,1,SELL,1723159907.0,USD,BOB,binance
11.57,340.96,1,SELL,1723159907.0,USD,BOB,binance
11.58,147.79,1,SELL,1723159907.0,USD,BOB,binance
11.6,728.61,2,SELL,1723159907.0,USD,BOB,binance
11.63,76.16,1,SELL,1723159907.0,USD,BOB,binance
11.65,437.5,2,SELL,1723159907.0,USD,BOB,binance
11.67,34.53,1,SELL,1723159907.0,USD,BOB,binance
11.69,998.01,1,SELL,1723159907.0,USD,BOB,binance
11.72,20.93,1,SELL,1723159907.0,USD,BOB,binance
11.8,2239.52,2,SELL,1723159907.0,USD,BOB,binance
11.96,521.79,1,SELL,1723159907.0,USD,BOB,binance
12.0,2057.6,3,SELL,1723159907.0,USD,BOB,binance
12.05,1792.51,1,SELL,1723159907.0,USD,BOB,binance
12.08,998.4,1,SELL,1723159907.0,USD,BOB,binance
12.1,703.22,3,SELL,1723159907.0,USD,BOB,binance
12.24,1153.48,1,SELL,1723159907.0,USD,BOB,binance
12.4,574.59,1,SELL,1723159907.0,USD,BOB,binance
12.5,439.65,2,SELL,1723159907.0,USD,BOB,binance
12.56,81.0,1,SELL,1723159907.0,USD,BOB,binance
12.59,99.8,1,SELL,1723159907.0,USD,BOB,binance
12.6,2648.16,2,SELL,1723159907.0,USD,BOB,binance
12.67,339.48,1,SELL,1723159907.0,USD,BOB,binance
12.8,178.87,1,SELL,1723159907.0,USD,BOB,binance
12.85,832.65,2,SELL,1723159907.0,USD,BOB,binance
12.91,91.29,1,SELL,1723159907.0,USD,BOB,binance
12.93,99.84,1,SELL,1723159907.0,USD,BOB,binance
12.94,196.99,1,SELL,1723159907.0,USD,BOB,binance
12.95,178.56,1,SELL,1723159907.0,USD,BOB,binance
12.98,1996.8,1,SELL,1723159907.0,USD,BOB,binance
13.0,3652.69,3,SELL,1723159907.0,USD,BOB,binance
13.05,1846.3,1,SELL,1723159907.0,USD,BOB,binance
13.1,4345.38,3,SELL,1723159907.0,USD,BOB,binance
13.16,110.64,1,SELL,1723159907.0,USD,BOB,binance
13.2,108.45,1,SELL,1723159907.0,USD,BOB,binance
13.3,136.11,2,SELL,1723159907.0,USD,BOB,binance
13.34,49.72,1,SELL,1723159907.0,USD,BOB,binance
13.46,11.88,1,SELL,1723159907.0,USD,BOB,binance
13.48,368.22,1,SELL,1723159907.0,USD,BOB,binance
13.5,657.37,1,SELL,1723159907.0,USD,BOB,binance
13.6,205.0,2,SELL,1723159907.0,USD,BOB,binance
13.68,499.0,1,SELL,1723159907.0,USD,BOB,binance
13.72,215.47,2,SELL,1723159907.0,USD,BOB,binance
13.74,123.65,1,SELL,1723159907.0,USD,BOB,binance
13.8,5472.8,5,SELL,1723159907.0,USD,BOB,binance
13.82,1159.54,3,SELL,1723159907.0,USD,BOB,binance
13.85,239.99,1,SELL,1723159907.0,USD,BOB,binance
12.4,100.0,1,BUY,1723159907.0,BOB,USD,binance
11.37,301.46,1,BUY,1723159907.0,BOB,USD,binance
11.35,14.2,1,BUY,1723159907.0,BOB,USD,binance
11.3,719.39,2,BUY,1723159907.0,BOB,USD,binance
11.25,175.92,1,BUY,1723159907.0,BOB,USD,binance
11.2,2348.03,2,BUY,1723159907.0,BOB,USD,binance
11.15,100.0,1,BUY,1723159907.0,BOB,USD,binance
11.1,35645.2,2,BUY,1723159907.0,BOB,USD,binance
11.01,100.0,1,BUY,1723159907.0,BOB,USD,binance
11.0,7364.71,7,BUY,1723159907.0,BOB,USD,binance
10.9,100.0,1,BUY,1723159907.0,BOB,USD,binance
10.8,15000.0,1,BUY,1723159907.0,BOB,USD,binance
10.7,19587.87,1,BUY,1723159907.0,BOB,USD,binance
10.59,13877.38,1,BUY,1723159907.0,BOB,USD,binance
10.56,15029.45,1,BUY,1723159907.0,BOB,USD,binance
10.5,887.84,1,BUY,1723159907.0,BOB,USD,binance
10.43,1000.0,1,BUY,1723159907.0,BOB,USD,binance
10.42,10000.0,1,BUY,1723159907.0,BOB,USD,binance
10.2,1980.05,2,BUY,1723159907.0,BOB,USD,binance
10.12,89.85,1,BUY,1723159907.0,BOB,USD,binance
10.0,1905.11,4,BUY,1723159907.0,BOB,USD,binance
9.5,59977.2,2,BUY,1723159907.0,BOB,USD,binance
9.0,588.91,3,BUY,1723159907.0,BOB,USD,binance
8.63,95.63,1,BUY,1723159907.0,BOB,USD,binance
8.5,2000.0,1,BUY,1723159907.0,BOB,USD,binance
8.38,2000.0,1,BUY,1723159907.0,BOB,USD,binance
8.2,400.0,1,BUY,1723159907.0,BOB,USD,binance
8.01,251.57,1,BUY,1723159907.0,BOB,USD,binance
8.0,100.0,1,BUY,1723159907.0,BOB,USD,binance
7.8,10754.85,2,BUY,1723159907.0,BOB,USD,binance
7.52,14454.7,1,BUY,1723159907.0,BOB,USD,binance
7.5,199.95,1,BUY,1723159907.0,BOB,USD,binance
7.3,89.83,1,BUY,1723159907.0,BOB,USD,binance
7.25,4882.59,1,BUY,1723159907.0,BOB,USD,binance
7.2,3000.0,1,BUY,1723159907.0,BOB,USD,binance
7.15,7015.0,1,BUY,1723159907.0,BOB,USD,binance
7.0,12585.72,3,BUY,1723159907.0,BOB,USD,binance
6.97,18457.12,1,BUY,1723159907.0,BOB,USD,binance
6.96,20600.0,2,BUY,1723159907.0,BOB,USD,binance
6.9,200.0,2,BUY,1723159907.0,BOB,USD,binance
11.55,147.79,1,SELL,1723160086.0,USD,BOB,binance
11.56,1077.43,3,SELL,1723160086.0,USD,BOB,binance
11.57,340.96,1,SELL,1723160086.0,USD,BOB,binance
11.6,728.61,2,SELL,1723160086.0,USD,BOB,binance
11.63,76.16,1,SELL,1723160086.0,USD,BOB,binance
11.65,437.5,2,SELL,1723160086.0,USD,BOB,binance
11.67,8.83,1,SELL,1723160086.0,USD,BOB,binance
11.69,998.01,1,SELL,1723160086.0,USD,BOB,binance
11.72,20.93,1,SELL,1723160086.0,USD,BOB,binance
11.8,2239.52,2,SELL,1723160086.0,USD,BOB,binance
11.96,521.79,1,SELL,1723160086.0,USD,BOB,binance
12.0,2057.6,3,SELL,1723160086.0,USD,BOB,binance
12.05,1792.51,1,SELL,1723160086.0,USD,BOB,binance
12.08,998.4,1,SELL,1723160086.0,USD,BOB,binance
12.1,703.22,3,SELL,1723160086.0,USD,BOB,binance
12.24,1153.48,1,SELL,1723160086.0,USD,BOB,binance
12.4,574.59,1,SELL,1723160086.0,USD,BOB,binance
12.5,439.65,2,SELL,1723160086.0,USD,BOB,binance
12.56,81.0,1,SELL,1723160086.0,USD,BOB,binance
12.59,99.8,1,SELL,1723160086.0,USD,BOB,binance
12.6,2648.16,2,SELL,1723160086.0,USD,BOB,binance
12.67,339.48,1,SELL,1723160086.0,USD,BOB,binance
12.8,178.87,1,SELL,1723160086.0,USD,BOB,binance
12.85,832.65,2,SELL,1723160086.0,USD,BOB,binance
12.91,91.29,1,SELL,1723160086.0,USD,BOB,binance
12.93,99.84,1,SELL,1723160086.0,USD,BOB,binance
12.94,196.99,1,SELL,1723160086.0,USD,BOB,binance
12.95,178.56,1,SELL,1723160086.0,USD,BOB,binance
12.98,1996.8,1,SELL,1723160086.0,USD,BOB,binance
13.0,3652.69,3,SELL,1723160086.0,USD,BOB,binance
13.05,1846.3,1,SELL,1723160086.0,USD,BOB,binance
13.1,4345.38,3,SELL,1723160086.0,USD,BOB,binance
13.16,110.64,1,SELL,1723160086.0,USD,BOB,binance
13.2,108.45,1,SELL,1723160086.0,USD,BOB,binance
13.3,136.11,2,SELL,1723160086.0,USD,BOB,binance
13.34,49.72,1,SELL,1723160086.0,USD,BOB,binance
13.46,11.88,1,SELL,1723160086.0,USD,BOB,binance
13.48,368.22,1,SELL,1723160086.0,USD,BOB,binance
13.5,657.37,1,SELL,1723160086.0,USD,BOB,binance
13.6,205.0,2,SELL,1723160086.0,USD,BOB,binance
13.68,499.0,1,SELL,1723160086.0,USD,BOB,binance
13.72,215.47,2,SELL,1723160086.0,USD,BOB,binance
13.74,123.65,1,SELL,1723160086.0,USD,BOB,binance
13.8,5472.8,5,SELL,1723160086.0,USD,BOB,binance
13.82,1159.54,3,SELL,1723160086.0,USD,BOB,binance
13.85,239.99,1,SELL,1723160086.0,USD,BOB,binance
12.4,100.0,1,BUY,1723160086.0,BOB,USD,binance
11.37,301.46,1,BUY,1723160086.0,BOB,USD,binance
11.35,14.2,1,BUY,1723160086.0,BOB,USD,binance
11.3,719.39,2,BUY,1723160086.0,BOB,USD,binance
11.25,175.92,1,BUY,1723160086.0,BOB,USD,binance
11.2,2348.03,2,BUY,1723160086.0,BOB,USD,binance
11.15,100.0,1,BUY,1723160086.0,BOB,USD,binance
11.1,35645.2,2,BUY,1723160086.0,BOB,USD,binance
11.01,100.0,1,BUY,1723160086.0,BOB,USD,binance
11.0,7364.71,7,BUY,1723160086.0,BOB,USD,binance
10.9,100.0,1,BUY,1723160086.0,BOB,USD,binance
10.8,15000.0,1,BUY,1723160086.0,BOB,USD,binance
10.7,19587.87,1,BUY,1723160086.0,BOB,USD,binance
10.59,13877.38,1,BUY,1723160086.0,BOB,USD,binance
10.56,15029.45,1,BUY,1723160086.0,BOB,USD,binance
10.5,887.84,1,BUY,1723160086.0,BOB,USD,binance
10.43,1000.0,1,BUY,1723160086.0,BOB,USD,binance
10.42,10000.0,1,BUY,1723160086.0,BOB,USD,binance
10.2,1980.05,2,BUY,1723160086.0,BOB,USD,binance
10.12,89.85,1,BUY,1723160086.0,BOB,USD,binance
10.0,1905.11,4,BUY,1723160086.0,BOB,USD,binance
9.5,59977.2,2,BUY,1723160086.0,BOB,USD,binance
9.0,588.91,3,BUY,1723160086.0,BOB,USD,binance
8.63,95.63,1,BUY,1723160086.0,BOB,USD,binance
8.5,2000.0,1,BUY,1723160086.0,BOB,USD,binance
8.38,2000.0,1,BUY,1723160086.0,BOB,USD,binance
8.2,400.0,1,BUY,1723160086.0,BOB,USD,binance
8.01,251.57,1,BUY,1723160086.0,BOB,USD,binance
8.0,100.0,1,BUY,1723160086.0,BOB,USD,binance
7.8,10754.85,2,BUY,1723160086.0,BOB,USD,binance
7.52,14454.7,1,BUY,1723160086.0,BOB,USD,binance
7.5,199.95,1,BUY,1723160086.0,BOB,USD,binance
7.3,89.83,1,BUY,1723160086.0,BOB,USD,binance
7.25,4882.59,1,BUY,1723160086.0,BOB,USD,binance
7.2,3000.0,1,BUY,1723160086.0,BOB,USD,binance
7.15,7015.0,1,BUY,1723160086.0,BOB,USD,binance
7.0,12585.72,3,BUY,1723160086.0,BOB,USD,binance
6.97,18457.12,1,BUY,1723160086.0,BOB,USD,binance
6.96,20600.0,2,BUY,1723160086.0,BOB,USD,binance
6.9,200.0,2,BUY,1723160086.0,BOB,USD,binance
11.55,147.79,1,SELL,1723160266.0,USD,BOB,binance
11.56,1077.43,3,SELL,1723160266.0,USD,BOB,binance
11.57,340.96,1,SELL,1723160266.0,USD,BOB,binance
11.6,728.61,2,SELL,1723160266.0,USD,BOB,binance
11.63,76.16,1,SELL,1723160266.0,USD,BOB,binance
11.65,437.5,2,SELL,1723160266.0,USD,BOB,binance
11.67,21.68,1,SELL,1723160266.0,USD,BOB,binance
11.69,998.01,1,SELL,1723160266.0,USD,BOB,binance
11.72,20.93,1,SELL,1723160266.0,USD,BOB,binance
11.8,2239.52,2,SELL,1723160266.0,USD,BOB,binance
11.96,521.79,1,SELL,1723160266.0,USD,BOB,binance
12.0,2057.6,3,SELL,1723160266.0,USD,BOB,binance
12.05,1792.51,1,SELL,1723160266.0,USD,BOB,binance
12.08,998.4,1,SELL,1723160266.0,USD,BOB,binance
12.1,703.22,3,SELL,1723160266.0,USD,BOB,binance
12.24,1153.48,1,SELL,1723160266.0,USD,BOB,binance
12.4,574.59,1,SELL,1723160266.0,USD,BOB,binance
12.5,439.65,2,SELL,1723160266.0,USD,BOB,binance
12.56,81.0,1,SELL,1723160266.0,USD,BOB,binance
12.59,99.8,1,SELL,1723160266.0,USD,BOB,binance
12.6,2648.16,2,SELL,1723160266.0,USD,BOB,binance
12.67,339.48,1,SELL,1723160266.0,USD,BOB,binance
12.8,178.87,1,SELL,1723160266.0,USD,BOB,binance
12.85,832.65,2,SELL,1723160266.0,USD,BOB,binance
12.91,91.29,1,SELL,1723160266.0,USD,BOB,binance
12.93,99.84,1,SELL,1723160266.0,USD,BOB,binance
12.94,196.99,1,SELL,1723160266.0,USD,BOB,binance
12.95,178.56,1,SELL,1723160266.0,USD,BOB,binance
12.98,1996.8,1,SELL,1723160266.0,USD,BOB,binance
13.0,3652.69,3,SELL,1723160266.0,USD,BOB,binance
13.05,1846.3,1,SELL,1723160266.0,USD,BOB,binance
13.1,4345.38,3,SELL,1723160266.0,USD,BOB,binance
13.16,110.64,1,SELL,1723160266.0,USD,BOB,binance
13.2,108.45,1,SELL,1723160266.0,USD,BOB,binance
13.3,136.11,2,SELL,1723160266.0,USD,BOB,binance
13.34,49.72,1,SELL,1723160266.0,USD,BOB,binance
13.46,11.88,1,SELL,1723160266.0,USD,BOB,binance
13.48,368.22,1,SELL,1723160266.0,USD,BOB,binance
13.5,657.37,1,SELL,1723160266.0,USD,BOB,binance
13.6,205.0,2,SELL,1723160266.0,USD,BOB,binance
13.68,499.0,1,SELL,1723160266.0,USD,BOB,binance
13.72,215.47,2,SELL,1723160266.0,USD,BOB,binance
13.74,123.65,1,SELL,1723160266.0,USD,BOB,binance
13.8,5472.8,5,SELL,1723160266.0,USD,BOB,binance
13.82,1159.54,3,SELL,1723160266.0,USD,BOB,binance
13.85,239.99,1,SELL,1723160266.0,USD,BOB,binance
12.4,100.0,1,BUY,1723160266.0,BOB,USD,binance
11.4,67.99,1,BUY,1723160266.0,BOB,USD,binance
11.37,161.56,1,BUY,1723160266.0,BOB,USD,binance
11.35,14.2,1,BUY,1723160266.0,BOB,USD,binance
11.3,719.39,2,BUY,1723160266.0,BOB,USD,binance
11.25,175.92,1,BUY,1723160266.0,BOB,USD,binance
11.2,2348.03,2,BUY,1723160266.0,BOB,USD,binance
11.15,100.0,1,BUY,1723160266.0,BOB,USD,binance
11.1,35645.2,2,BUY,1723160266.0,BOB,USD,binance
11.01,100.0,1,BUY,1723160266.0,BOB,USD,binance
11.0,7364.71,7,BUY,1723160266.0,BOB,USD,binance
10.9,100.0,1,BUY,1723160266.0,BOB,USD,binance
10.8,15000.0,1,BUY,1723160266.0,BOB,USD,binance
10.7,19587.87,1,BUY,1723160266.0,BOB,USD,binance
10.59,13877.38,1,BUY,1723160266.0,BOB,USD,binance
10.56,15029.45,1,BUY,1723160266.0,BOB,USD,binance
10.5,887.84,1,BUY,1723160266.0,BOB,USD,binance
10.43,1000.0,1,BUY,1723160266.0,BOB,USD,binance
10.42,10000.0,1,BUY,1723160266.0,BOB,USD,binance
10.2,1980.05,2,BUY,1723160266.0,BOB,USD,binance
10.12,89.85,1,BUY,1723160266.0,BOB,USD,binance
10.0,1905.11,4,BUY,1723160266.0,BOB,USD,binance
9.5,59977.2,2,BUY,1723160266.0,BOB,USD,binance
9.0,588.91,3,BUY,1723160266.0,BOB,USD,binance
8.63,95.63,1,BUY,1723160266.0,BOB,USD,binance
8.5,2000.0,1,BUY,1723160266.0,BOB,USD,binance
8.38,2000.0,1,BUY,1723160266.0,BOB,USD,binance
8.2,400.0,1,BUY,1723160266.0,BOB,USD,binance
8.01,251.57,1,BUY,1723160266.0,BOB,USD,binance
8.0,100.0,1,BUY,1723160266.0,BOB,USD,binance
7.8,10754.85,2,BUY,1723160266.0,BOB,USD,binance
7.52,14454.7,1,BUY,1723160266.0,BOB,USD,binance
7.5,199.95,1,BUY,1723160266.0,BOB,USD,binance
7.3,89.83,1,BUY,1723160266.0,BOB,USD,binance
7.25,4882.59,1,BUY,1723160266.0,BOB,USD,binance
7.2,3000.0,1,BUY,1723160266.0,BOB,USD,binance
7.15,7015.0,1,BUY,1723160266.0,BOB,USD,binance
7.0,12585.72,3,BUY,1723160266.0,BOB,USD,binance
6.97,18457.12,1,BUY,1723160266.0,BOB,USD,binance
6.96,20600.0,2,BUY,1723160266.0,BOB,USD,binance
6.9,200.0,2,BUY,1723160266.0,BOB,USD,binance
11.55,610.56,2,SELL,1723160446.0,USD,BOB,binance
11.56,541.08,2,SELL,1723160446.0,USD,BOB,binance
11.57,340.96,1,SELL,1723160446.0,USD,BOB,binance
11.6,728.61,2,SELL,1723160446.0,USD,BOB,binance
11.63,76.16,1,SELL,1723160446.0,USD,BOB,binance
11.65,437.5,2,SELL,1723160446.0,USD,BOB,binance
11.67,13.12,1,SELL,1723160446.0,USD,BOB,binance
11.69,998.01,1,SELL,1723160446.0,USD,BOB,binance
11.72,20.93,1,SELL,1723160446.0,USD,BOB,binance
11.8,2239.52,2,SELL,1723160446.0,USD,BOB,binance
11.96,521.79,1,SELL,1723160446.0,USD,BOB,binance
12.0,2057.6,3,SELL,1723160446.0,USD,BOB,binance
12.05,1792.51,1,SELL,1723160446.0,USD,BOB,binance
12.08,998.4,1,SELL,1723160446.0,USD,BOB,binance
12.1,703.22,3,SELL,1723160446.0,USD,BOB,binance
12.24,1153.48,1,SELL,1723160446.0,USD,BOB,binance
12.4,574.59,1,SELL,1723160446.0,USD,BOB,binance
12.5,439.65,2,SELL,1723160446.0,USD,BOB,binance
12.56,81.0,1,SELL,1723160446.0,USD,BOB,binance
12.59,99.8,1,SELL,1723160446.0,USD,BOB,binance
12.6,2648.16,2,SELL,1723160446.0,USD,BOB,binance
12.67,339.48,1,SELL,1723160446.0,USD,BOB,binance
12.8,178.87,1,SELL,1723160446.0,USD,BOB,binance
12.85,832.65,2,SELL,1723160446.0,USD,BOB,binance
12.91,91.29,1,SELL,1723160446.0,USD,BOB,binance
12.93,99.84,1,SELL,1723160446.0,USD,BOB,binance
12.94,196.99,1,SELL,1723160446.0,USD,BOB,binance
12.95,178.56,1,SELL,1723160446.0,USD,BOB,binance
12.98,1996.8,1,SELL,1723160446.0,USD,BOB,binance
13.0,3652.69,3,SELL,1723160446.0,USD,BOB,binance
13.05,1846.3,1,SELL,1723160446.0,USD,BOB,binance
13.1,4345.38,3,SELL,1723160446.0,USD,BOB,binance
13.16,110.64,1,SELL,1723160446.0,USD,BOB,binance
13.2,108.45,1,SELL,1723160446.0,USD,BOB,binance
13.3,136.11,2,SELL,1723160446.0,USD,BOB,binance
13.34,49.72,1,SELL,1723160446.0,USD,BOB,binance
13.46,11.88,1,SELL,1723160446.0,USD,BOB,binance
13.48,368.22,1,SELL,1723160446.0,USD,BOB,binance
13.5,657.37,1,SELL,1723160446.0,USD,BOB,binance
13.6,205.0,2,SELL,1723160446.0,USD,BOB,binance
13.68,499.0,1,SELL,1723160446.0,USD,BOB,binance
13.72,215.47,2,SELL,1723160446.0,USD,BOB,binance
13.74,123.65,1,SELL,1723160446.0,USD,BOB,binance
13.8,5472.8,5,SELL,1723160446.0,USD,BOB,binance
13.82,1159.54,3,SELL,1723160446.0,USD,BOB,binance
13.85,239.99,1,SELL,1723160446.0,USD,BOB,binance
12.4,100.0,1,BUY,1723160446.0,BOB,USD,binance
11.37,12.73,1,BUY,1723160446.0,BOB,USD,binance
11.35,14.2,1,BUY,1723160446.0,BOB,USD,binance
11.3,719.39,2,BUY,1723160446.0,BOB,USD,binance
11.25,175.92,1,BUY,1723160446.0,BOB,USD,binance
11.2,2348.03,2,BUY,1723160446.0,BOB,USD,binance
11.15,100.0,1,BUY,1723160446.0,BOB,USD,binance
11.1,35639.84,2,BUY,1723160446.0,BOB,USD,binance
11.01,100.0,1,BUY,1723160446.0,BOB,USD,binance
11.0,7364.71,7,BUY,1723160446.0,BOB,USD,binance
10.9,100.0,1,BUY,1723160446.0,BOB,USD,binance
10.8,15000.0,1,BUY,1723160446.0,BOB,USD,binance
10.7,19587.87,1,BUY,1723160446.0,BOB,USD,binance
10.6,13877.38,1,BUY,1723160446.0,BOB,USD,binance
10.56,15029.45,1,BUY,1723160446.0,BOB,USD,binance
10.5,887.84,1,BUY,1723160446.0,BOB,USD,binance
10.43,1000.0,1,BUY,1723160446.0,BOB,USD,binance
10.42,10000.0,1,BUY,1723160446.0,BOB,USD,binance
10.2,1980.05,2,BUY,1723160446.0,BOB,USD,binance
10.12,89.85,1,BUY,1723160446.0,BOB,USD,binance
10.0,1905.11,4,BUY,1723160446.0,BOB,USD,binance
9.5,59977.2,2,BUY,1723160446.0,BOB,USD,binance
9.0,588.91,3,BUY,1723160446.0,BOB,USD,binance
8.63,95.63,1,BUY,1723160446.0,BOB,USD,binance
8.5,2000.0,1,BUY,1723160446.0,BOB,USD,binance
8.38,2000.0,1,BUY,1723160446.0,BOB,USD,binance
8.2,400.0,1,BUY,1723160446.0,BOB,USD,binance
8.01,251.57,1,BUY,1723160446.0,BOB,USD,binance
8.0,100.0,1,BUY,1723160446.0,BOB,USD,binance
7.8,10754.85,2,BUY,1723160446.0,BOB,USD,binance
7.52,14454.7,1,BUY,1723160446.0,BOB,USD,binance
7.5,199.95,1,BUY,1723160446.0,BOB,USD,binance
7.3,89.83,1,BUY,1723160446.0,BOB,USD,binance
7.25,4882.59,1,BUY,1723160446.0,BOB,USD,binance
7.2,3000.0,1,BUY,1723160446.0,BOB,USD,binance
7.15,7015.0,1,BUY,1723160446.0,BOB,USD,binance
7.0,12585.72,3,BUY,1723160446.0,BOB,USD,binance
6.97,18457.12,1,BUY,1723160446.0,BOB,USD,binance
6.96,20600.0,2,BUY,1723160446.0,BOB,USD,binance
6.9,200.0,2,BUY,1723160446.0,BOB,USD,binance
11.55,610.56,2,SELL,1723160627.0,USD,BOB,binance
11.56,541.08,2,SELL,1723160627.0,USD,BOB,binance
11.57,340.96,1,SELL,1723160627.0,USD,BOB,binance
11.6,928.21,3,SELL,1723160627.0,USD,BOB,binance
11.63,76.16,1,SELL,1723160627.0,USD,BOB,binance
11.65,237.9,1,SELL,1723160627.0,USD,BOB,binance
11.67,13.12,1,SELL,1723160627.0,USD,BOB,binance
11.69,998.01,1,SELL,1723160627.0,USD,BOB,binance
11.72,20.93,1,SELL,1723160627.0,USD,BOB,binance
11.8,2239.52,2,SELL,1723160627.0,USD,BOB,binance
11.96,521.79,1,SELL,1723160627.0,USD,BOB,binance
12.0,2057.6,3,SELL,1723160627.0,USD,BOB,binance
12.05,1792.51,1,SELL,1723160627.0,USD,BOB,binance
12.08,998.4,1,SELL,1723160627.0,USD,BOB,binance
12.1,703.22,3,SELL,1723160627.0,USD,BOB,binance
12.24,1153.48,1,SELL,1723160627.0,USD,BOB,binance
12.4,574.59,1,SELL,1723160627.0,USD,BOB,binance
12.5,439.65,2,SELL,1723160627.0,USD,BOB,binance
12.56,81.0,1,SELL,1723160627.0,USD,BOB,binance
12.59,99.8,1,SELL,1723160627.0,USD,BOB,binance
12.6,2648.16,2,SELL,1723160627.0,USD,BOB,binance
12.67,339.48,1,SELL,1723160627.0,USD,BOB,binance
12.8,178.87,1,SELL,1723160627.0,USD,BOB,binance
12.85,832.65,2,SELL,1723160627.0,USD,BOB,binance
12.91,91.29,1,SELL,1723160627.0,USD,BOB,binance
12.93,99.84,1,SELL,1723160627.0,USD,BOB,binance
12.94,196.99,1,SELL,1723160627.0,USD,BOB,binance
12.95,178.56,1,SELL,1723160627.0,USD,BOB,binance
12.98,1996.8,1,SELL,1723160627.0,USD,BOB,binance
13.0,3652.69,3,SELL,1723160627.0,USD,BOB,binance
13.05,1846.3,1,SELL,1723160627.0,USD,BOB,binance
13.1,4345.38,3,SELL,1723160627.0,USD,BOB,binance
13.16,110.64,1,SELL,1723160627.0,USD,BOB,binance
13.2,108.45,1,SELL,1723160627.0,USD,BOB,binance
13.3,136.11,2,SELL,1723160627.0,USD,BOB,binance
13.34,49.72,1,SELL,1723160627.0,USD,BOB,binance
13.46,11.88,1,SELL,1723160627.0,USD,BOB,binance
13.48,368.22,1,SELL,1723160627.0,USD,BOB,binance
13.5,657.37,1,SELL,1723160627.0,USD,BOB,binance
13.6,205.0,2,SELL,1723160627.0,USD,BOB,binance
13.68,499.0,1,SELL,1723160627.0,USD,BOB,binance
13.72,215.47,2,SELL,1723160627.0,USD,BOB,binance
13.74,123.65,1,SELL,1723160627.0,USD,BOB,binance
13.8,5472.8,5,SELL,1723160627.0,USD,BOB,binance
13.82,1159.54,3,SELL,1723160627.0,USD,BOB,binance
13.85,239.99,1,SELL,1723160627.0,USD,BOB,binance
12.4,100.0,1,BUY,1723160627.0,BOB,USD,binance
11.37,12.73,1,BUY,1723160627.0,BOB,USD,binance
11.35,100.0,1,BUY,1723160627.0,BOB,USD,binance
11.3,719.39,2,BUY,1723160627.0,BOB,USD,binance
11.25,175.92,1,BUY,1723160627.0,BOB,USD,binance
11.2,2348.03,2,BUY,1723160627.0,BOB,USD,binance
11.15,100.0,1,BUY,1723160627.0,BOB,USD,binance
11.1,35639.84,2,BUY,1723160627.0,BOB,USD,binance
11.01,100.0,1,BUY,1723160627.0,BOB,USD,binance
11.0,7364.71,7,BUY,1723160627.0,BOB,USD,binance
10.9,100.0,1,BUY,1723160627.0,BOB,USD,binance
10.8,15000.0,1,BUY,1723160627.0,BOB,USD,binance
10.7,19587.87,1,BUY,1723160627.0,BOB,USD,binance
10.6,13877.38,1,BUY,1723160627.0,BOB,USD,binance
10.56,15029.45,1,BUY,1723160627.0,BOB,USD,binance
10.5,887.84,1,BUY,1723160627.0,BOB,USD,binance
10.43,1000.0,1,BUY,1723160627.0,BOB,USD,binance
10.42,10000.0,1,BUY,1723160627.0,BOB,USD,binance
10.2,1980.05,2,BUY,1723160627.0,BOB,USD,binance
10.12,89.85,1,BUY,1723160627.0,BOB,USD,binance
10.0,1905.11,4,BUY,1723160627.0,BOB,USD,binance
9.5,59977.2,2,BUY,1723160627.0,BOB,USD,binance
9.0,588.91,3,BUY,1723160627.0,BOB,USD,binance
8.63,95.63,1,BUY,1723160627.0,BOB,USD,binance
8.5,2000.0,1,BUY,1723160627.0,BOB,USD,binance
8.38,2000.0,1,BUY,1723160627.0,BOB,USD,binance
8.2,400.0,1,BUY,1723160627.0,BOB,USD,binance
8.01,251.57,1,BUY,1723160627.0,BOB,USD,binance
8.0,100.0,1,BUY,1723160627.0,BOB,USD,binance
7.8,10754.85,2,BUY,1723160627.0,BOB,USD,binance
7.52,14454.7,1,BUY,1723160627.0,BOB,USD,binance
7.5,199.95,1,BUY,1723160627.0,BOB,USD,binance
7.3,89.83,1,BUY,1723160627.0,BOB,USD,binance
7.25,4882.59,1,BUY,1723160627.0,BOB,USD,binance
7.2,3000.0,1,BUY,1723160627.0,BOB,USD,binance
7.15,7015.0,1,BUY,1723160627.0,BOB,USD,binance
7.0,12585.72,3,BUY,1723160627.0,BOB,USD,binance
6.97,18457.12,1,BUY,1723160627.0,BOB,USD,binance
6.96,20600.0,2,BUY,1723160627.0,BOB,USD,binance
6.9,200.0,2,BUY,1723160627.0,BOB,USD,binance
11.55,610.56,2,SELL,1723160807.0,USD,BOB,binance
11.56,330.72,2,SELL,1723160807.0,USD,BOB,binance
11.57,340.96,1,SELL,1723160807.0,USD,BOB,binance
11.6,928.21,3,SELL,1723160807.0,USD,BOB,binance
11.65,237.9,1,SELL,1723160807.0,USD,BOB,binance
11.67,13.12,1,SELL,1723160807.0,USD,BOB,binance
11.69,998.01,1,SELL,1723160807.0,USD,BOB,binance
11.72,20.93,1,SELL,1723160807.0,USD,BOB,binance
11.8,2134.88,1,SELL,1723160807.0,USD,BOB,binance
11.96,521.79,1,SELL,1723160807.0,USD,BOB,binance
12.0,2057.6,3,SELL,1723160807.0,USD,BOB,binance
12.05,1792.51,1,SELL,1723160807.0,USD,BOB,binance
12.08,998.4,1,SELL,1723160807.0,USD,BOB,binance
12.1,703.22,3,SELL,1723160807.0,USD,BOB,binance
12.24,1153.48,1,SELL,1723160807.0,USD,BOB,binance
12.4,574.59,1,SELL,1723160807.0,USD,BOB,binance
12.5,439.65,2,SELL,1723160807.0,USD,BOB,binance
12.56,81.0,1,SELL,1723160807.0,USD,BOB,binance
12.59,99.8,1,SELL,1723160807.0,USD,BOB,binance
12.6,2648.16,2,SELL,1723160807.0,USD,BOB,binance
12.8,178.87,1,SELL,1723160807.0,USD,BOB,binance
12.85,832.65,2,SELL,1723160807.0,USD,BOB,binance
12.91,91.29,1,SELL,1723160807.0,USD,BOB,binance
12.93,99.84,1,SELL,1723160807.0,USD,BOB,binance
12.94,196.99,1,SELL,1723160807.0,USD,BOB,binance
12.95,178.56,1,SELL,1723160807.0,USD,BOB,binance
12.98,1996.8,1,SELL,1723160807.0,USD,BOB,binance
13.0,3652.69,3,SELL,1723160807.0,USD,BOB,binance
13.05,1846.3,1,SELL,1723160807.0,USD,BOB,binance
13.1,4345.38,3,SELL,1723160807.0,USD,BOB,binance
13.16,110.64,1,SELL,1723160807.0,USD,BOB,binance
13.2,108.45,1,SELL,1723160807.0,USD,BOB,binance
13.3,136.11,2,SELL,1723160807.0,USD,BOB,binance
13.34,49.72,1,SELL,1723160807.0,USD,BOB,binance
13.46,11.88,1,SELL,1723160807.0,USD,BOB,binance
13.48,368.22,1,SELL,1723160807.0,USD,BOB,binance
13.5,657.37,1,SELL,1723160807.0,USD,BOB,binance
13.6,205.0,2,SELL,1723160807.0,USD,BOB,binance
13.68,499.0,1,SELL,1723160807.0,USD,BOB,binance
13.72,215.47,2,SELL,1723160807.0,USD,BOB,binance
13.74,123.65,1,SELL,1723160807.0,USD,BOB,binance
13.8,5472.8,5,SELL,1723160807.0,USD,BOB,binance
13.82,1159.54,3,SELL,1723160807.0,USD,BOB,binance
13.85,239.99,1,SELL,1723160807.0,USD,BOB,binance
12.4,100.0,1,BUY,1723160807.0,BOB,USD,binance
11.41,100.0,1,BUY,1723160807.0,BOB,USD,binance
11.37,12.73,1,BUY,1723160807.0,BOB,USD,binance
11.3,719.39,2,BUY,1723160807.0,BOB,USD,binance
11.25,175.92,1,BUY,1723160807.0,BOB,USD,binance
11.2,2348.03,2,BUY,1723160807.0,BOB,USD,binance
11.15,100.0,1,BUY,1723160807.0,BOB,USD,binance
11.1,35610.35,2,BUY,1723160807.0,BOB,USD,binance
11.01,100.0,1,BUY,1723160807.0,BOB,USD,binance
11.0,7364.71,7,BUY,1723160807.0,BOB,USD,binance
10.9,100.0,1,BUY,1723160807.0,BOB,USD,binance
10.8,15000.0,1,BUY,1723160807.0,BOB,USD,binance
10.7,19587.87,1,BUY,1723160807.0,BOB,USD,binance
10.6,13877.38,1,BUY,1723160807.0,BOB,USD,binance
10.56,15029.45,1,BUY,1723160807.0,BOB,USD,binance
10.5,887.84,1,BUY,1723160807.0,BOB,USD,binance
10.43,1000.0,1,BUY,1723160807.0,BOB,USD,binance
10.42,10000.0,1,BUY,1723160807.0,BOB,USD,binance
10.2,1980.05,2,BUY,1723160807.0,BOB,USD,binance
10.12,89.85,1,BUY,1723160807.0,BOB,USD,binance
10.0,1905.11,4,BUY,1723160807.0,BOB,USD,binance
9.5,59977.2,2,BUY,1723160807.0,BOB,USD,binance
9.0,588.91,3,BUY,1723160807.0,BOB,USD,binance
8.63,95.63,1,BUY,1723160807.0,BOB,USD,binance
8.5,2000.0,1,BUY,1723160807.0,BOB,USD,binance
8.38,2000.0,1,BUY,1723160807.0,BOB,USD,binance
8.2,400.0,1,BUY,1723160807.0,BOB,USD,binance
8.01,251.57,1,BUY,1723160807.0,BOB,USD,binance
8.0,100.0,1,BUY,1723160807.0,BOB,USD,binance
7.8,10754.85,2,BUY,1723160807.0,BOB,USD,binance
7.52,14454.7,1,BUY,1723160807.0,BOB,USD,binance
7.5,199.95,1,BUY,1723160807.0,BOB,USD,binance
7.3,89.83,1,BUY,1723160807.0,BOB,USD,binance
7.25,4882.59,1,BUY,1723160807.0,BOB,USD,binance
7.2,3000.0,1,BUY,1723160807.0,BOB,USD,binance
7.15,7015.0,1,BUY,1723160807.0,BOB,USD,binance
7.0,12585.72,3,BUY,1723160807.0,BOB,USD,binance
6.97,18457.12,1,BUY,1723160807.0,BOB,USD,binance
6.96,20600.0,2,BUY,1723160807.0,BOB,USD,binance
6.9,200.0,2,BUY,1723160807.0,BOB,USD,binance
11.51,95.35,1,SELL,1723160986.0,USD,BOB,binance
11.54,536.35,1,SELL,1723160986.0,USD,BOB,binance
11.55,59.16,1,SELL,1723160986.0,USD,BOB,binance
11.56,324.68,2,SELL,1723160986.0,USD,BOB,binance
11.57,340.96,1,SELL,1723160986.0,USD,BOB,binance
11.6,728.61,2,SELL,1723160986.0,USD,BOB,binance
11.65,237.9,1,SELL,1723160986.0,USD,BOB,binance
11.67,25.97,1,SELL,1723160986.0,USD,BOB,binance
11.69,998.01,1,SELL,1723160986.0,USD,BOB,binance
11.72,20.93,1,SELL,1723160986.0,USD,BOB,binance
11.8,2134.88,1,SELL,1723160986.0,USD,BOB,binance
11.96,521.79,1,SELL,1723160986.0,USD,BOB,binance
12.0,2048.45,3,SELL,1723160986.0,USD,BOB,binance
12.05,1792.51,1,SELL,1723160986.0,USD,BOB,binance
12.08,998.4,1,SELL,1723160986.0,USD,BOB,binance
12.1,694.96,3,SELL,1723160986.0,USD,BOB,binance
12.24,1153.48,1,SELL,1723160986.0,USD,BOB,binance
12.4,574.59,1,SELL,1723160986.0,USD,BOB,binance
12.5,439.65,2,SELL,1723160986.0,USD,BOB,binance
12.56,81.0,1,SELL,1723160986.0,USD,BOB,binance
12.59,99.8,1,SELL,1723160986.0,USD,BOB,binance
12.6,2648.16,2,SELL,1723160986.0,USD,BOB,binance
12.8,178.87,1,SELL,1723160986.0,USD,BOB,binance
12.85,832.65,2,SELL,1723160986.0,USD,BOB,binance
12.91,91.29,1,SELL,1723160986.0,USD,BOB,binance
12.93,99.84,1,SELL,1723160986.0,USD,BOB,binance
12.94,196.99,1,SELL,1723160986.0,USD,BOB,binance
12.95,178.56,1,SELL,1723160986.0,USD,BOB,binance
12.98,1996.8,1,SELL,1723160986.0,USD,BOB,binance
13.0,3652.69,3,SELL,1723160986.0,USD,BOB,binance
13.05,1846.3,1,SELL,1723160986.0,USD,BOB,binance
13.1,4345.38,3,SELL,1723160986.0,USD,BOB,binance
13.16,110.64,1,SELL,1723160986.0,USD,BOB,binance
13.2,108.45,1,SELL,1723160986.0,USD,BOB,binance
13.3,136.11,2,SELL,1723160986.0,USD,BOB,binance
13.34,49.72,1,SELL,1723160986.0,USD,BOB,binance
13.46,11.88,1,SELL,1723160986.0,USD,BOB,binance
13.48,368.22,1,SELL,1723160986.0,USD,BOB,binance
13.5,657.37,1,SELL,1723160986.0,USD,BOB,binance
13.6,205.0,2,SELL,1723160986.0,USD,BOB,binance
13.68,499.0,1,SELL,1723160986.0,USD,BOB,binance
13.72,215.47,2,SELL,1723160986.0,USD,BOB,binance
13.74,123.65,1,SELL,1723160986.0,USD,BOB,binance
13.8,5470.27,5,SELL,1723160986.0,USD,BOB,binance
13.82,1159.54,3,SELL,1723160986.0,USD,BOB,binance
13.85,239.99,1,SELL,1723160986.0,USD,BOB,binance
12.98,100.0,1,BUY,1723160986.0,BOB,USD,binance
12.4,100.0,1,BUY,1723160986.0,BOB,USD,binance
11.37,112.73,2,BUY,1723160986.0,BOB,USD,binance
11.3,719.39,2,BUY,1723160986.0,BOB,USD,binance
11.25,175.92,1,BUY,1723160986.0,BOB,USD,binance
11.2,2348.03,2,BUY,1723160986.0,BOB,USD,binance
11.15,100.0,1,BUY,1723160986.0,BOB,USD,binance
11.1,35610.35,2,BUY,1723160986.0,BOB,USD,binance
11.01,100.0,1,BUY,1723160986.0,BOB,USD,binance
11.0,7364.71,7,BUY,1723160986.0,BOB,USD,binance
10.9,100.0,1,BUY,1723160986.0,BOB,USD,binance
10.8,15000.0,1,BUY,1723160986.0,BOB,USD,binance
10.7,19587.87,1,BUY,1723160986.0,BOB,USD,binance
10.59,13877.38,1,BUY,1723160986.0,BOB,USD,binance
10.56,15029.45,1,BUY,1723160986.0,BOB,USD,binance
10.5,887.84,1,BUY,1723160986.0,BOB,USD,binance
10.43,1000.0,1,BUY,1723160986.0,BOB,USD,binance
10.42,10000.0,1,BUY,1723160986.0,BOB,USD,binance
10.2,1980.05,2,BUY,1723160986.0,BOB,USD,binance
10.12,89.85,1,BUY,1723160986.0,BOB,USD,binance
10.0,1905.11,4,BUY,1723160986.0,BOB,USD,binance
9.5,59977.2,2,BUY,1723160986.0,BOB,USD,binance
9.0,588.91,3,BUY,1723160986.0,BOB,USD,binance
8.63,95.63,1,BUY,1723160986.0,BOB,USD,binance
8.5,2000.0,1,BUY,1723160986.0,BOB,USD,binance
8.38,2000.0,1,BUY,1723160986.0,BOB,USD,binance
8.2,400.0,1,BUY,1723160986.0,BOB,USD,binance
8.01,251.57,1,BUY,1723160986.0,BOB,USD,binance
8.0,100.0,1,BUY,1723160986.0,BOB,USD,binance
7.8,10754.85,2,BUY,1723160986.0,BOB,USD,binance
7.52,14454.7,1,BUY,1723160986.0,BOB,USD,binance
7.5,199.95,1,BUY,1723160986.0,BOB,USD,binance
7.3,89.83,1,BUY,1723160986.0,BOB,USD,binance
7.25,4882.59,1,BUY,1723160986.0,BOB,USD,binance
7.2,3000.0,1,BUY,1723160986.0,BOB,USD,binance
7.15,7015.0,1,BUY,1723160986.0,BOB,USD,binance
7.0,12585.72,3,BUY,1723160986.0,BOB,USD,binance
6.97,18457.12,1,BUY,1723160986.0,BOB,USD,binance
6.96,20600.0,2,BUY,1723160986.0,BOB,USD,binance
6.9,200.0,2,BUY,1723160986.0,BOB,USD,binance
11.54,536.35,1,SELL,1723161166.0,USD,BOB,binance
11.55,47.04,1,SELL,1723161166.0,USD,BOB,binance
11.56,314.3,2,SELL,1723161166.0,USD,BOB,binance
11.57,340.96,1,SELL,1723161166.0,USD,BOB,binance
11.6,728.61,2,SELL,1723161166.0,USD,BOB,binance
11.65,237.9,1,SELL,1723161166.0,USD,BOB,binance
11.67,25.97,1,SELL,1723161166.0,USD,BOB,binance
11.69,998.01,1,SELL,1723161166.0,USD,BOB,binance
11.72,20.93,1,SELL,1723161166.0,USD,BOB,binance
11.8,2134.88,1,SELL,1723161166.0,USD,BOB,binance
11.96,521.79,1,SELL,1723161166.0,USD,BOB,binance
12.0,2048.45,3,SELL,1723161166.0,USD,BOB,binance
12.05,1792.51,1,SELL,1723161166.0,USD,BOB,binance
12.08,998.4,1,SELL,1723161166.0,USD,BOB,binance
12.1,703.22,3,SELL,1723161166.0,USD,BOB,binance
12.24,1153.48,1,SELL,1723161166.0,USD,BOB,binance
12.4,574.59,1,SELL,1723161166.0,USD,BOB,binance
12.5,336.64,1,SELL,1723161166.0,USD,BOB,binance
12.56,81.0,1,SELL,1723161166.0,USD,BOB,binance
12.59,99.8,1,SELL,1723161166.0,USD,BOB,binance
12.6,2648.16,2,SELL,1723161166.0,USD,BOB,binance
12.8,178.87,1,SELL,1723161166.0,USD,BOB,binance
12.85,832.65,2,SELL,1723161166.0,USD,BOB,binance
12.91,91.29,1,SELL,1723161166.0,USD,BOB,binance
12.93,99.84,1,SELL,1723161166.0,USD,BOB,binance
12.94,196.99,1,SELL,1723161166.0,USD,BOB,binance
12.95,178.56,1,SELL,1723161166.0,USD,BOB,binance
12.98,1996.8,1,SELL,1723161166.0,USD,BOB,binance
13.0,3652.69,3,SELL,1723161166.0,USD,BOB,binance
13.05,1846.3,1,SELL,1723161166.0,USD,BOB,binance
13.1,4345.38,3,SELL,1723161166.0,USD,BOB,binance
13.16,110.64,1,SELL,1723161166.0,USD,BOB,binance
13.2,108.45,1,SELL,1723161166.0,USD,BOB,binance
13.3,136.11,2,SELL,1723161166.0,USD,BOB,binance
13.34,49.72,1,SELL,1723161166.0,USD,BOB,binance
13.46,11.88,1,SELL,1723161166.0,USD,BOB,binance
13.48,368.22,1,SELL,1723161166.0,USD,BOB,binance
13.5,657.37,1,SELL,1723161166.0,USD,BOB,binance
13.6,205.0,2,SELL,1723161166.0,USD,BOB,binance
13.68,499.0,1,SELL,1723161166.0,USD,BOB,binance
13.72,215.47,2,SELL,1723161166.0,USD,BOB,binance
13.74,123.65,1,SELL,1723161166.0,USD,BOB,binance
13.8,5470.27,5,SELL,1723161166.0,USD,BOB,binance
13.82,1159.54,3,SELL,1723161166.0,USD,BOB,binance
13.85,239.99,1,SELL,1723161166.0,USD,BOB,binance
12.4,100.0,1,BUY,1723161166.0,BOB,USD,binance
11.37,112.73,2,BUY,1723161166.0,BOB,USD,binance
11.3,719.39,2,BUY,1723161166.0,BOB,USD,binance
11.25,175.92,1,BUY,1723161166.0,BOB,USD,binance
11.2,2348.03,2,BUY,1723161166.0,BOB,USD,binance
11.15,100.0,1,BUY,1723161166.0,BOB,USD,binance
11.1,35610.35,2,BUY,1723161166.0,BOB,USD,binance
11.01,100.0,1,BUY,1723161166.0,BOB,USD,binance
11.0,7364.71,7,BUY,1723161166.0,BOB,USD,binance
10.9,100.0,1,BUY,1723161166.0,BOB,USD,binance
10.8,15000.0,1,BUY,1723161166.0,BOB,USD,binance
10.7,19587.87,1,BUY,1723161166.0,BOB,USD,binance
10.59,13877.38,1,BUY,1723161166.0,BOB,USD,binance
10.56,15029.45,1,BUY,1723161166.0,BOB,USD,binance
10.5,887.84,1,BUY,1723161166.0,BOB,USD,binance
10.43,1000.0,1,BUY,1723161166.0,BOB,USD,binance
10.42,10000.0,1,BUY,1723161166.0,BOB,USD,binance
10.2,1980.05,2,BUY,1723161166.0,BOB,USD,binance
10.12,89.85,1,BUY,1723161166.0,BOB,USD,binance
10.0,1905.11,4,BUY,1723161166.0,BOB,USD,binance
9.5,59977.2,2,BUY,1723161166.0,BOB,USD,binance
9.0,588.91,3,BUY,1723161166.0,BOB,USD,binance
8.63,95.63,1,BUY,1723161166.0,BOB,USD,binance
8.5,2000.0,1,BUY,1723161166.0,BOB,USD,binance
8.38,2000.0,1,BUY,1723161166.0,BOB,USD,binance
8.2,400.0,1,BUY,1723161166.0,BOB,USD,binance
8.01,251.57,1,BUY,1723161166.0,BOB,USD,binance
8.0,100.0,1,BUY,1723161166.0,BOB,USD,binance
7.8,10754.85,2,BUY,1723161166.0,BOB,USD,binance
7.52,14454.7,1,BUY,1723161166.0,BOB,USD,binance
7.5,199.95,1,BUY,1723161166.0,BOB,USD,binance
7.3,89.83,1,BUY,1723161166.0,BOB,USD,binance
7.25,4882.59,1,BUY,1723161166.0,BOB,USD,binance
7.2,3000.0,1,BUY,1723161166.0,BOB,USD,binance
7.15,7015.0,1,BUY,1723161166.0,BOB,USD,binance
7.0,12585.72,3,BUY,1723161166.0,BOB,USD,binance
6.97,18457.12,1,BUY,1723161166.0,BOB,USD,binance
6.96,20600.0,2,BUY,1723161166.0,BOB,USD,binance
6.9,200.0,2,BUY,1723161166.0,BOB,USD,binance
11.49,529.0,1,SELL,1723161347.0,USD,BOB,binance
11.5,340.96,1,SELL,1723161347.0,USD,BOB,binance
11.54,536.35,1,SELL,1723161347.0,USD,BOB,binance
11.56,314.3,2,SELL,1723161347.0,USD,BOB,binance
11.6,199.61,1,SELL,1723161347.0,USD,BOB,binance
11.65,237.9,1,SELL,1723161347.0,USD,BOB,binance
11.67,25.97,1,SELL,1723161347.0,USD,BOB,binance
11.69,998.01,1,SELL,1723161347.0,USD,BOB,binance
11.72,20.93,1,SELL,1723161347.0,USD,BOB,binance
11.79,2134.88,1,SELL,1723161347.0,USD,BOB,binance
11.96,521.79,1,SELL,1723161347.0,USD,BOB,binance
12.0,2048.45,3,SELL,1723161347.0,USD,BOB,binance
12.05,1792.51,1,SELL,1723161347.0,USD,BOB,binance
12.1,703.22,3,SELL,1723161347.0,USD,BOB,binance
12.24,1153.48,1,SELL,1723161347.0,USD,BOB,binance
12.4,574.59,1,SELL,1723161347.0,USD,BOB,binance
12.5,336.64,1,SELL,1723161347.0,USD,BOB,binance
12.56,81.0,1,SELL,1723161347.0,USD,BOB,binance
12.59,99.8,1,SELL,1723161347.0,USD,BOB,binance
12.6,2648.16,2,SELL,1723161347.0,USD,BOB,binance
12.8,178.87,1,SELL,1723161347.0,USD,BOB,binance
12.85,832.65,2,SELL,1723161347.0,USD,BOB,binance
12.91,91.29,1,SELL,1723161347.0,USD,BOB,binance
12.93,99.84,1,SELL,1723161347.0,USD,BOB,binance
12.94,196.99,1,SELL,1723161347.0,USD,BOB,binance
12.95,178.56,1,SELL,1723161347.0,USD,BOB,binance
12.98,1996.8,1,SELL,1723161347.0,USD,BOB,binance
13.0,7026.37,4,SELL,1723161347.0,USD,BOB,binance
13.05,1846.3,1,SELL,1723161347.0,USD,BOB,binance
13.1,4345.38,3,SELL,1723161347.0,USD,BOB,binance
13.16,110.64,1,SELL,1723161347.0,USD,BOB,binance
13.2,108.45,1,SELL,1723161347.0,USD,BOB,binance
13.3,136.11,2,SELL,1723161347.0,USD,BOB,binance
13.34,49.72,1,SELL,1723161347.0,USD,BOB,binance
13.46,11.88,1,SELL,1723161347.0,USD,BOB,binance
13.48,368.22,1,SELL,1723161347.0,USD,BOB,binance
13.5,657.37,1,SELL,1723161347.0,USD,BOB,binance
13.6,205.0,2,SELL,1723161347.0,USD,BOB,binance
13.68,499.0,1,SELL,1723161347.0,USD,BOB,binance
13.72,215.47,2,SELL,1723161347.0,USD,BOB,binance
13.74,123.65,1,SELL,1723161347.0,USD,BOB,binance
13.8,5470.27,5,SELL,1723161347.0,USD,BOB,binance
13.82,1159.54,3,SELL,1723161347.0,USD,BOB,binance
13.85,239.99,1,SELL,1723161347.0,USD,BOB,binance
12.4,100.0,1,BUY,1723161347.0,BOB,USD,binance
11.4,71.54,1,BUY,1723161347.0,BOB,USD,binance
11.38,100.0,1,BUY,1723161347.0,BOB,USD,binance
11.31,300.0,1,BUY,1723161347.0,BOB,USD,binance
11.3,687.67,2,BUY,1723161347.0,BOB,USD,binance
11.25,175.92,1,BUY,1723161347.0,BOB,USD,binance
11.2,2348.03,2,BUY,1723161347.0,BOB,USD,binance
11.15,100.0,1,BUY,1723161347.0,BOB,USD,binance
11.1,35610.35,2,BUY,1723161347.0,BOB,USD,binance
11.01,100.0,1,BUY,1723161347.0,BOB,USD,binance
11.0,7364.71,7,BUY,1723161347.0,BOB,USD,binance
10.9,100.0,1,BUY,1723161347.0,BOB,USD,binance
10.8,15000.0,1,BUY,1723161347.0,BOB,USD,binance
10.7,19587.87,1,BUY,1723161347.0,BOB,USD,binance
10.59,13877.38,1,BUY,1723161347.0,BOB,USD,binance
10.56,15029.45,1,BUY,1723161347.0,BOB,USD,binance
10.5,887.84,1,BUY,1723161347.0,BOB,USD,binance
10.43,1000.0,1,BUY,1723161347.0,BOB,USD,binance
10.42,10000.0,1,BUY,1723161347.0,BOB,USD,binance
10.2,1980.05,2,BUY,1723161347.0,BOB,USD,binance
10.12,89.85,1,BUY,1723161347.0,BOB,USD,binance
10.0,1905.11,4,BUY,1723161347.0,BOB,USD,binance
9.5,59977.2,2,BUY,1723161347.0,BOB,USD,binance
9.0,588.91,3,BUY,1723161347.0,BOB,USD,binance
8.63,95.63,1,BUY,1723161347.0,BOB,USD,binance
8.5,2000.0,1,BUY,1723161347.0,BOB,USD,binance
8.38,2000.0,1,BUY,1723161347.0,BOB,USD,binance
8.2,400.0,1,BUY,1723161347.0,BOB,USD,binance
8.01,251.57,1,BUY,1723161347.0,BOB,USD,binance
8.0,100.0,1,BUY,1723161347.0,BOB,USD,binance
7.8,10754.85,2,BUY,1723161347.0,BOB,USD,binance
7.52,14454.7,1,BUY,1723161347.0,BOB,USD,binance
7.5,199.95,1,BUY,1723161347.0,BOB,USD,binance
7.3,89.83,1,BUY,1723161347.0,BOB,USD,binance
7.25,4882.59,1,BUY,1723161347.0,BOB,USD,binance
7.2,3000.0,1,BUY,1723161347.0,BOB,USD,binance
7.15,7015.0,1,BUY,1723161347.0,BOB,USD,binance
7.0,12585.72,3,BUY,1723161347.0,BOB,USD,binance
6.97,18457.12,1,BUY,1723161347.0,BOB,USD,binance
6.96,20600.0,2,BUY,1723161347.0,BOB,USD,binance
6.9,200.0,2,BUY,1723161347.0,BOB,USD,binance
11.49,451.57,1,SELL,1723161526.0,USD,BOB,binance
11.5,842.12,2,SELL,1723161526.0,USD,BOB,binance
11.54,536.35,1,SELL,1723161526.0,USD,BOB,binance
11.56,314.3,2,SELL,1723161526.0,USD,BOB,binance
11.6,199.61,1,SELL,1723161526.0,USD,BOB,binance
11.65,237.9,1,SELL,1723161526.0,USD,BOB,binance
11.67,25.97,1,SELL,1723161526.0,USD,BOB,binance
11.69,998.01,1,SELL,1723161526.0,USD,BOB,binance
11.72,20.93,1,SELL,1723161526.0,USD,BOB,binance
11.79,2134.88,1,SELL,1723161526.0,USD,BOB,binance
11.96,521.79,1,SELL,1723161526.0,USD,BOB,binance
12.0,2042.46,3,SELL,1723161526.0,USD,BOB,binance
12.05,1792.51,1,SELL,1723161526.0,USD,BOB,binance
12.1,703.22,3,SELL,1723161526.0,USD,BOB,binance
12.24,1153.48,1,SELL,1723161526.0,USD,BOB,binance
12.4,574.59,1,SELL,1723161526.0,USD,BOB,binance
12.5,336.64,1,SELL,1723161526.0,USD,BOB,binance
12.56,81.0,1,SELL,1723161526.0,USD,BOB,binance
12.59,99.8,1,SELL,1723161526.0,USD,BOB,binance
12.6,2648.16,2,SELL,1723161526.0,USD,BOB,binance
12.8,178.87,1,SELL,1723161526.0,USD,BOB,binance
12.85,832.65,2,SELL,1723161526.0,USD,BOB,binance
12.91,91.29,1,SELL,1723161526.0,USD,BOB,binance
12.93,99.84,1,SELL,1723161526.0,USD,BOB,binance
12.94,196.99,1,SELL,1723161526.0,USD,BOB,binance
12.95,178.56,1,SELL,1723161526.0,USD,BOB,binance
12.98,1996.8,1,SELL,1723161526.0,USD,BOB,binance
13.0,7026.37,4,SELL,1723161526.0,USD,BOB,binance
13.05,1846.3,1,SELL,1723161526.0,USD,BOB,binance
13.1,4345.38,3,SELL,1723161526.0,USD,BOB,binance
13.16,110.64,1,SELL,1723161526.0,USD,BOB,binance
13.2,108.45,1,SELL,1723161526.0,USD,BOB,binance
13.3,136.11,2,SELL,1723161526.0,USD,BOB,binance
13.34,49.72,1,SELL,1723161526.0,USD,BOB,binance
13.46,11.88,1,SELL,1723161526.0,USD,BOB,binance
13.48,368.22,1,SELL,1723161526.0,USD,BOB,binance
13.5,657.37,1,SELL,1723161526.0,USD,BOB,binance
13.6,205.0,2,SELL,1723161526.0,USD,BOB,binance
13.68,499.0,1,SELL,1723161526.0,USD,BOB,binance
13.72,215.47,2,SELL,1723161526.0,USD,BOB,binance
13.74,123.65,1,SELL,1723161526.0,USD,BOB,binance
13.8,5470.27,5,SELL,1723161526.0,USD,BOB,binance
13.82,1159.54,3,SELL,1723161526.0,USD,BOB,binance
13.85,239.99,1,SELL,1723161526.0,USD,BOB,binance
13.1,100.0,1,BUY,1723161526.0,BOB,USD,binance
12.4,100.0,1,BUY,1723161526.0,BOB,USD,binance
11.33,300.0,1,BUY,1723161526.0,BOB,USD,binance
11.3,19.39,1,BUY,1723161526.0,BOB,USD,binance
11.25,175.92,1,BUY,1723161526.0,BOB,USD,binance
11.2,2348.03,2,BUY,1723161526.0,BOB,USD,binance
11.15,100.0,1,BUY,1723161526.0,BOB,USD,binance
11.1,35610.35,2,BUY,1723161526.0,BOB,USD,binance
11.01,100.0,1,BUY,1723161526.0,BOB,USD,binance
11.0,8064.71,8,BUY,1723161526.0,BOB,USD,binance
10.9,100.0,1,BUY,1723161526.0,BOB,USD,binance
10.8,15000.0,1,BUY,1723161526.0,BOB,USD,binance
10.7,19587.87,1,BUY,1723161526.0,BOB,USD,binance
10.6,13877.38,1,BUY,1723161526.0,BOB,USD,binance
10.56,15029.45,1,BUY,1723161526.0,BOB,USD,binance
10.5,887.84,1,BUY,1723161526.0,BOB,USD,binance
10.43,1000.0,1,BUY,1723161526.0,BOB,USD,binance
10.42,10000.0,1,BUY,1723161526.0,BOB,USD,binance
10.2,1980.05,2,BUY,1723161526.0,BOB,USD,binance
10.12,89.85,1,BUY,1723161526.0,BOB,USD,binance
10.0,1905.11,4,BUY,1723161526.0,BOB,USD,binance
9.5,59977.2,2,BUY,1723161526.0,BOB,USD,binance
9.0,588.91,3,BUY,1723161526.0,BOB,USD,binance
8.63,95.63,1,BUY,1723161526.0,BOB,USD,binance
8.5,2000.0,1,BUY,1723161526.0,BOB,USD,binance
8.38,2000.0,1,BUY,1723161526.0,BOB,USD,binance
8.2,400.0,1,BUY,1723161526.0,BOB,USD,binance
8.01,251.57,1,BUY,1723161526.0,BOB,USD,binance
8.0,100.0,1,BUY,1723161526.0,BOB,USD,binance
7.8,10754.85,2,BUY,1723161526.0,BOB,USD,binance
7.52,14454.7,1,BUY,1723161526.0,BOB,USD,binance
7.5,199.95,1,BUY,1723161526.0,BOB,USD,binance
7.3,89.83,1,BUY,1723161526.0,BOB,USD,binance
7.25,4882.59,1,BUY,1723161526.0,BOB,USD,binance
7.2,3000.0,1,BUY,1723161526.0,BOB,USD,binance
7.15,7015.0,1,BUY,1723161526.0,BOB,USD,binance
7.0,12585.72,3,BUY,1723161526.0,BOB,USD,binance
6.97,18457.12,1,BUY,1723161526.0,BOB,USD,binance
6.96,20600.0,2,BUY,1723161526.0,BOB,USD,binance
6.9,200.0,2,BUY,1723161526.0,BOB,USD,binance
11.5,941.92,3,SELL,1723161707.0,USD,BOB,binance
11.54,536.35,1,SELL,1723161707.0,USD,BOB,binance
11.55,10.35,1,SELL,1723161707.0,USD,BOB,binance
11.56,314.3,2,SELL,1723161707.0,USD,BOB,binance
11.6,199.61,1,SELL,1723161707.0,USD,BOB,binance
11.65,237.9,1,SELL,1723161707.0,USD,BOB,binance
11.67,17.42,1,SELL,1723161707.0,USD,BOB,binance
11.69,998.01,1,SELL,1723161707.0,USD,BOB,binance
11.72,20.93,1,SELL,1723161707.0,USD,BOB,binance
11.79,2134.88,1,SELL,1723161707.0,USD,BOB,binance
11.96,521.79,1,SELL,1723161707.0,USD,BOB,binance
12.0,2042.46,3,SELL,1723161707.0,USD,BOB,binance
12.05,1792.51,1,SELL,1723161707.0,USD,BOB,binance
12.1,703.22,3,SELL,1723161707.0,USD,BOB,binance
12.24,4284.17,2,SELL,1723161707.0,USD,BOB,binance
12.4,574.59,1,SELL,1723161707.0,USD,BOB,binance
12.5,336.64,1,SELL,1723161707.0,USD,BOB,binance
12.56,81.0,1,SELL,1723161707.0,USD,BOB,binance
12.59,99.8,1,SELL,1723161707.0,USD,BOB,binance
12.6,2648.16,2,SELL,1723161707.0,USD,BOB,binance
12.8,178.87,1,SELL,1723161707.0,USD,BOB,binance
12.85,832.65,2,SELL,1723161707.0,USD,BOB,binance
12.91,91.29,1,SELL,1723161707.0,USD,BOB,binance
12.93,99.84,1,SELL,1723161707.0,USD,BOB,binance
12.94,196.99,1,SELL,1723161707.0,USD,BOB,binance
12.95,178.56,1,SELL,1723161707.0,USD,BOB,binance
12.98,1996.8,1,SELL,1723161707.0,USD,BOB,binance
13.0,7026.37,4,SELL,1723161707.0,USD,BOB,binance
13.05,1846.3,1,SELL,1723161707.0,USD,BOB,binance
13.1,4345.38,3,SELL,1723161707.0,USD,BOB,binance
13.16,110.64,1,SELL,1723161707.0,USD,BOB,binance
13.2,1237.36,2,SELL,1723161707.0,USD,BOB,binance
13.3,136.11,2,SELL,1723161707.0,USD,BOB,binance
13.34,49.72,1,SELL,1723161707.0,USD,BOB,binance
13.46,11.88,1,SELL,1723161707.0,USD,BOB,binance
13.48,368.22,1,SELL,1723161707.0,USD,BOB,binance
13.5,657.37,1,SELL,1723161707.0,USD,BOB,binance
13.6,205.0,2,SELL,1723161707.0,USD,BOB,binance
13.68,499.0,1,SELL,1723161707.0,USD,BOB,binance
13.72,215.47,2,SELL,1723161707.0,USD,BOB,binance
13.74,123.65,1,SELL,1723161707.0,USD,BOB,binance
13.8,5470.27,5,SELL,1723161707.0,USD,BOB,binance
13.82,1159.54,3,SELL,1723161707.0,USD,BOB,binance
13.85,239.99,1,SELL,1723161707.0,USD,BOB,binance
13.1,100.0,1,BUY,1723161707.0,BOB,USD,binance
12.4,100.0,1,BUY,1723161707.0,BOB,USD,binance
11.33,134.71,1,BUY,1723161707.0,BOB,USD,binance
11.3,19.39,1,BUY,1723161707.0,BOB,USD,binance
11.25,175.92,1,BUY,1723161707.0,BOB,USD,binance
11.2,2348.03,2,BUY,1723161707.0,BOB,USD,binance
11.15,100.0,1,BUY,1723161707.0,BOB,USD,binance
11.1,35507.65,2,BUY,1723161707.0,BOB,USD,binance
11.01,100.0,1,BUY,1723161707.0,BOB,USD,binance
11.0,8064.71,8,BUY,1723161707.0,BOB,USD,binance
10.9,100.0,1,BUY,1723161707.0,BOB,USD,binance
10.8,15000.0,1,BUY,1723161707.0,BOB,USD,binance
10.7,19587.87,1,BUY,1723161707.0,BOB,USD,binance
10.59,13877.38,1,BUY,1723161707.0,BOB,USD,binance
10.56,15029.45,1,BUY,1723161707.0,BOB,USD,binance
10.5,887.84,1,BUY,1723161707.0,BOB,USD,binance
10.43,1000.0,1,BUY,1723161707.0,BOB,USD,binance
10.42,10000.0,1,BUY,1723161707.0,BOB,USD,binance
10.2,1980.05,2,BUY,1723161707.0,BOB,USD,binance
10.12,89.85,1,BUY,1723161707.0,BOB,USD,binance
10.0,1905.11,4,BUY,1723161707.0,BOB,USD,binance
9.5,59977.2,2,BUY,1723161707.0,BOB,USD,binance
9.0,588.91,3,BUY,1723161707.0,BOB,USD,binance
8.63,95.63,1,BUY,1723161707.0,BOB,USD,binance
8.5,2000.0,1,BUY,1723161707.0,BOB,USD,binance
8.38,2000.0,1,BUY,1723161707.0,BOB,USD,binance
8.2,400.0,1,BUY,1723161707.0,BOB,USD,binance
8.01,251.57,1,BUY,1723161707.0,BOB,USD,binance
8.0,100.0,1,BUY,1723161707.0,BOB,USD,binance
7.8,10754.85,2,BUY,1723161707.0,BOB,USD,binance
7.52,14454.7,1,BUY,1723161707.0,BOB,USD,binance
7.5,199.95,1,BUY,1723161707.0,BOB,USD,binance
7.3,89.83,1,BUY,1723161707.0,BOB,USD,binance
7.25,4882.59,1,BUY,1723161707.0,BOB,USD,binance
7.2,3000.0,1,BUY,1723161707.0,BOB,USD,binance
7.15,7015.0,1,BUY,1723161707.0,BOB,USD,binance
7.0,12585.72,3,BUY,1723161707.0,BOB,USD,binance
6.97,18457.12,1,BUY,1723161707.0,BOB,USD,binance
6.96,20600.0,2,BUY,1723161707.0,BOB,USD,binance
6.9,200.0,2,BUY,1723161707.0,BOB,USD,binance
11.48,536.35,1,SELL,1723161886.0,USD,BOB,binance
11.5,941.92,3,SELL,1723161886.0,USD,BOB,binance
11.55,10.35,1,SELL,1723161886.0,USD,BOB,binance
11.56,314.3,2,SELL,1723161886.0,USD,BOB,binance
11.57,348.33,1,SELL,1723161886.0,USD,BOB,binance
11.6,199.61,1,SELL,1723161886.0,USD,BOB,binance
11.65,237.9,1,SELL,1723161886.0,USD,BOB,binance
11.67,17.42,1,SELL,1723161886.0,USD,BOB,binance
11.69,998.01,1,SELL,1723161886.0,USD,BOB,binance
11.72,20.93,1,SELL,1723161886.0,USD,BOB,binance
11.79,2134.88,1,SELL,1723161886.0,USD,BOB,binance
11.96,521.79,1,SELL,1723161886.0,USD,BOB,binance
12.0,2038.31,3,SELL,1723161886.0,USD,BOB,binance
12.05,1792.51,1,SELL,1723161886.0,USD,BOB,binance
12.1,703.22,3,SELL,1723161886.0,USD,BOB,binance
12.24,4284.17,2,SELL,1723161886.0,USD,BOB,binance
12.4,574.59,1,SELL,1723161886.0,USD,BOB,binance
12.5,336.64,1,SELL,1723161886.0,USD,BOB,binance
12.56,81.0,1,SELL,1723161886.0,USD,BOB,binance
12.59,99.8,1,SELL,1723161886.0,USD,BOB,binance
12.6,2648.16,2,SELL,1723161886.0,USD,BOB,binance
12.8,178.87,1,SELL,1723161886.0,USD,BOB,binance
12.85,832.65,2,SELL,1723161886.0,USD,BOB,binance
12.91,91.29,1,SELL,1723161886.0,USD,BOB,binance
12.93,99.84,1,SELL,1723161886.0,USD,BOB,binance
12.94,196.99,1,SELL,1723161886.0,USD,BOB,binance
12.95,178.56,1,SELL,1723161886.0,USD,BOB,binance
12.98,1996.8,1,SELL,1723161886.0,USD,BOB,binance
13.0,7026.37,4,SELL,1723161886.0,USD,BOB,binance
13.05,1846.3,1,SELL,1723161886.0,USD,BOB,binance
13.1,4345.38,3,SELL,1723161886.0,USD,BOB,binance
13.16,110.64,1,SELL,1723161886.0,USD,BOB,binance
13.2,108.45,1,SELL,1723161886.0,USD,BOB,binance
13.3,136.11,2,SELL,1723161886.0,USD,BOB,binance
13.34,49.72,1,SELL,1723161886.0,USD,BOB,binance
13.46,11.88,1,SELL,1723161886.0,USD,BOB,binance
13.48,368.22,1,SELL,1723161886.0,USD,BOB,binance
13.5,657.37,1,SELL,1723161886.0,USD,BOB,binance
13.6,205.0,2,SELL,1723161886.0,USD,BOB,binance
13.68,499.0,1,SELL,1723161886.0,USD,BOB,binance
13.72,215.47,2,SELL,1723161886.0,USD,BOB,binance
13.74,123.65,1,SELL,1723161886.0,USD,BOB,binance
13.8,5472.8,5,SELL,1723161886.0,USD,BOB,binance
13.82,1159.54,3,SELL,1723161886.0,USD,BOB,binance
13.85,239.99,1,SELL,1723161886.0,USD,BOB,binance
13.1,100.0,1,BUY,1723161886.0,BOB,USD,binance
12.4,100.0,1,BUY,1723161886.0,BOB,USD,binance
11.3,19.39,1,BUY,1723161886.0,BOB,USD,binance
11.2,2348.03,2,BUY,1723161886.0,BOB,USD,binance
11.15,100.0,1,BUY,1723161886.0,BOB,USD,binance
11.1,36207.65,3,BUY,1723161886.0,BOB,USD,binance
11.01,100.0,1,BUY,1723161886.0,BOB,USD,binance
11.0,7364.71,7,BUY,1723161886.0,BOB,USD,binance
10.9,100.0,1,BUY,1723161886.0,BOB,USD,binance
10.8,15000.0,1,BUY,1723161886.0,BOB,USD,binance
10.7,19587.87,1,BUY,1723161886.0,BOB,USD,binance
10.59,13877.38,1,BUY,1723161886.0,BOB,USD,binance
10.56,15029.45,1,BUY,1723161886.0,BOB,USD,binance
10.5,887.84,1,BUY,1723161886.0,BOB,USD,binance
10.43,1000.0,1,BUY,1723161886.0,BOB,USD,binance
10.42,10000.0,1,BUY,1723161886.0,BOB,USD,binance
10.2,1980.05,2,BUY,1723161886.0,BOB,USD,binance
10.12,89.85,1,BUY,1723161886.0,BOB,USD,binance
10.0,1905.11,4,BUY,1723161886.0,BOB,USD,binance
9.5,59977.2,2,BUY,1723161886.0,BOB,USD,binance
9.0,588.91,3,BUY,1723161886.0,BOB,USD,binance
8.63,95.63,1,BUY,1723161886.0,BOB,USD,binance
8.5,2000.0,1,BUY,1723161886.0,BOB,USD,binance
8.38,2000.0,1,BUY,1723161886.0,BOB,USD,binance
8.2,400.0,1,BUY,1723161886.0,BOB,USD,binance
8.01,251.57,1,BUY,1723161886.0,BOB,USD,binance
8.0,100.0,1,BUY,1723161886.0,BOB,USD,binance
7.8,10754.85,2,BUY,1723161886.0,BOB,USD,binance
7.52,14454.7,1,BUY,1723161886.0,BOB,USD,binance
7.5,199.95,1,BUY,1723161886.0,BOB,USD,binance
7.3,89.83,1,BUY,1723161886.0,BOB,USD,binance
7.25,4882.59,1,BUY,1723161886.0,BOB,USD,binance
7.2,3000.0,1,BUY,1723161886.0,BOB,USD,binance
7.15,7015.0,1,BUY,1723161886.0,BOB,USD,binance
7.0,12585.72,3,BUY,1723161886.0,BOB,USD,binance
6.97,18457.12,1,BUY,1723161886.0,BOB,USD,binance
6.96,20600.0,2,BUY,1723161886.0,BOB,USD,binance
6.9,200.0,2,BUY,1723161886.0,BOB,USD,binance
11.48,536.35,1,SELL,1723162066.0,USD,BOB,binance
11.49,442.88,1,SELL,1723162066.0,USD,BOB,binance
11.5,941.92,3,SELL,1723162066.0,USD,BOB,binance
11.55,10.35,1,SELL,1723162066.0,USD,BOB,binance
11.56,314.3,2,SELL,1723162066.0,USD,BOB,binance
11.57,348.33,1,SELL,1723162066.0,USD,BOB,binance
11.6,199.61,1,SELL,1723162066.0,USD,BOB,binance
11.65,237.9,1,SELL,1723162066.0,USD,BOB,binance
11.69,998.01,1,SELL,1723162066.0,USD,BOB,binance
11.72,20.93,1,SELL,1723162066.0,USD,BOB,binance
11.79,2134.88,1,SELL,1723162066.0,USD,BOB,binance
11.9,584.03,1,SELL,1723162066.0,USD,BOB,binance
11.96,521.79,1,SELL,1723162066.0,USD,BOB,binance
12.0,2029.98,3,SELL,1723162066.0,USD,BOB,binance
12.05,1792.51,1,SELL,1723162066.0,USD,BOB,binance
12.1,703.22,3,SELL,1723162066.0,USD,BOB,binance
12.24,4284.17,2,SELL,1723162066.0,USD,BOB,binance
12.4,574.59,1,SELL,1723162066.0,USD,BOB,binance
12.5,336.64,1,SELL,1723162066.0,USD,BOB,binance
12.56,81.0,1,SELL,1723162066.0,USD,BOB,binance
12.59,99.8,1,SELL,1723162066.0,USD,BOB,binance
12.6,2648.16,2,SELL,1723162066.0,USD,BOB,binance
12.8,178.87,1,SELL,1723162066.0,USD,BOB,binance
12.85,832.65,2,SELL,1723162066.0,USD,BOB,binance
12.91,91.29,1,SELL,1723162066.0,USD,BOB,binance
12.93,99.84,1,SELL,1723162066.0,USD,BOB,binance
12.94,196.99,1,SELL,1723162066.0,USD,BOB,binance
12.95,178.56,1,SELL,1723162066.0,USD,BOB,binance
12.98,1996.8,1,SELL,1723162066.0,USD,BOB,binance
13.0,8024.77,5,SELL,1723162066.0,USD,BOB,binance
13.05,1846.3,1,SELL,1723162066.0,USD,BOB,binance
13.1,4345.38,3,SELL,1723162066.0,USD,BOB,binance
13.16,110.64,1,SELL,1723162066.0,USD,BOB,binance
13.2,108.45,1,SELL,1723162066.0,USD,BOB,binance
13.3,136.11,2,SELL,1723162066.0,USD,BOB,binance
13.46,11.88,1,SELL,1723162066.0,USD,BOB,binance
13.48,368.22,1,SELL,1723162066.0,USD,BOB,binance
13.5,657.37,1,SELL,1723162066.0,USD,BOB,binance
13.6,205.0,2,SELL,1723162066.0,USD,BOB,binance
13.68,499.0,1,SELL,1723162066.0,USD,BOB,binance
13.72,215.47,2,SELL,1723162066.0,USD,BOB,binance
13.74,123.65,1,SELL,1723162066.0,USD,BOB,binance
13.8,5472.8,5,SELL,1723162066.0,USD,BOB,binance
13.82,1159.54,3,SELL,1723162066.0,USD,BOB,binance
13.85,239.99,1,SELL,1723162066.0,USD,BOB,binance
13.1,100.0,1,BUY,1723162066.0,BOB,USD,binance
12.4,100.0,1,BUY,1723162066.0,BOB,USD,binance
11.3,19.39,1,BUY,1723162066.0,BOB,USD,binance
11.2,2313.08,2,BUY,1723162066.0,BOB,USD,binance
11.15,60.05,1,BUY,1723162066.0,BOB,USD,binance
11.1,35937.65,2,BUY,1723162066.0,BOB,USD,binance
11.01,100.0,1,BUY,1723162066.0,BOB,USD,binance
11.0,7364.71,7,BUY,1723162066.0,BOB,USD,binance
10.9,100.0,1,BUY,1723162066.0,BOB,USD,binance
10.8,15000.0,1,BUY,1723162066.0,BOB,USD,binance
10.7,19587.87,1,BUY,1723162066.0,BOB,USD,binance
10.59,13877.38,1,BUY,1723162066.0,BOB,USD,binance
10.56,15029.45,1,BUY,1723162066.0,BOB,USD,binance
10.5,887.84,1,BUY,1723162066.0,BOB,USD,binance
10.43,1000.0,1,BUY,1723162066.0,BOB,USD,binance
10.42,10000.0,1,BUY,1723162066.0,BOB,USD,binance
10.2,1980.05,2,BUY,1723162066.0,BOB,USD,binance
10.12,89.85,1,BUY,1723162066.0,BOB,USD,binance
10.0,1905.11,4,BUY,1723162066.0,BOB,USD,binance
9.5,59977.2,2,BUY,1723162066.0,BOB,USD,binance
9.0,588.91,3,BUY,1723162066.0,BOB,USD,binance
8.63,95.63,1,BUY,1723162066.0,BOB,USD,binance
8.5,2000.0,1,BUY,1723162066.0,BOB,USD,binance
8.38,2000.0,1,BUY,1723162066.0,BOB,USD,binance
8.2,400.0,1,BUY,1723162066.0,BOB,USD,binance
8.01,251.57,1,BUY,1723162066.0,BOB,USD,binance
8.0,100.0,1,BUY,1723162066.0,BOB,USD,binance
7.8,10754.85,2,BUY,1723162066.0,BOB,USD,binance
7.52,14454.7,1,BUY,1723162066.0,BOB,USD,binance
7.5,199.95,1,BUY,1723162066.0,BOB,USD,binance
7.3,89.83,1,BUY,1723162066.0,BOB,USD,binance
7.25,4882.59,1,BUY,1723162066.0,BOB,USD,binance
7.2,3000.0,1,BUY,1723162066.0,BOB,USD,binance
7.15,7015.0,1,BUY,1723162066.0,BOB,USD,binance
7.0,12585.72,3,BUY,1723162066.0,BOB,USD,binance
6.97,18457.12,1,BUY,1723162066.0,BOB,USD,binance
6.96,20600.0,2,BUY,1723162066.0,BOB,USD,binance
6.9,200.0,2,BUY,1723162066.0,BOB,USD,binance
11.48,536.35,1,SELL,1723162246.0,USD,BOB,binance
11.49,434.19,1,SELL,1723162246.0,USD,BOB,binance
11.5,941.92,3,SELL,1723162246.0,USD,BOB,binance
11.55,10.35,1,SELL,1723162246.0,USD,BOB,binance
11.56,314.3,2,SELL,1723162246.0,USD,BOB,binance
11.57,348.33,1,SELL,1723162246.0,USD,BOB,binance
11.6,199.61,1,SELL,1723162246.0,USD,BOB,binance
11.65,237.9,1,SELL,1723162246.0,USD,BOB,binance
11.69,998.01,1,SELL,1723162246.0,USD,BOB,binance
11.72,20.93,1,SELL,1723162246.0,USD,BOB,binance
11.79,2134.88,1,SELL,1723162246.0,USD,BOB,binance
11.9,584.03,1,SELL,1723162246.0,USD,BOB,binance
11.96,521.79,1,SELL,1723162246.0,USD,BOB,binance
12.0,2029.98,3,SELL,1723162246.0,USD,BOB,binance
12.05,1792.51,1,SELL,1723162246.0,USD,BOB,binance
12.1,703.22,3,SELL,1723162246.0,USD,BOB,binance
12.24,4284.17,2,SELL,1723162246.0,USD,BOB,binance
12.4,574.59,1,SELL,1723162246.0,USD,BOB,binance
12.5,336.64,1,SELL,1723162246.0,USD,BOB,binance
12.56,81.0,1,SELL,1723162246.0,USD,BOB,binance
12.59,99.8,1,SELL,1723162246.0,USD,BOB,binance
12.6,2648.16,2,SELL,1723162246.0,USD,BOB,binance
12.8,178.87,1,SELL,1723162246.0,USD,BOB,binance
12.85,832.65,2,SELL,1723162246.0,USD,BOB,binance
12.91,91.29,1,SELL,1723162246.0,USD,BOB,binance
12.93,99.84,1,SELL,1723162246.0,USD,BOB,binance
12.94,196.99,1,SELL,1723162246.0,USD,BOB,binance
12.95,178.56,1,SELL,1723162246.0,USD,BOB,binance
12.98,1996.8,1,SELL,1723162246.0,USD,BOB,binance
13.0,8024.77,5,SELL,1723162246.0,USD,BOB,binance
13.05,1846.3,1,SELL,1723162246.0,USD,BOB,binance
13.1,4345.38,3,SELL,1723162246.0,USD,BOB,binance
13.16,110.64,1,SELL,1723162246.0,USD,BOB,binance
13.2,108.45,1,SELL,1723162246.0,USD,BOB,binance
13.3,136.11,2,SELL,1723162246.0,USD,BOB,binance
13.46,11.88,1,SELL,1723162246.0,USD,BOB,binance
13.48,368.22,1,SELL,1723162246.0,USD,BOB,binance
13.5,657.37,1,SELL,1723162246.0,USD,BOB,binance
13.6,205.0,2,SELL,1723162246.0,USD,BOB,binance
13.68,499.0,1,SELL,1723162246.0,USD,BOB,binance
13.72,215.47,2,SELL,1723162246.0,USD,BOB,binance
13.74,123.65,1,SELL,1723162246.0,USD,BOB,binance
13.8,5472.8,5,SELL,1723162246.0,USD,BOB,binance
13.82,1159.54,3,SELL,1723162246.0,USD,BOB,binance
13.85,239.99,1,SELL,1723162246.0,USD,BOB,binance
13.1,100.0,1,BUY,1723162246.0,BOB,USD,binance
12.4,100.0,1,BUY,1723162246.0,BOB,USD,binance
11.2,2313.08,2,BUY,1723162246.0,BOB,USD,binance
11.15,60.05,1,BUY,1723162246.0,BOB,USD,binance
11.1,35937.65,2,BUY,1723162246.0,BOB,USD,binance
11.01,100.0,1,BUY,1723162246.0,BOB,USD,binance
11.0,7364.71,7,BUY,1723162246.0,BOB,USD,binance
10.9,100.0,1,BUY,1723162246.0,BOB,USD,binance
10.8,15000.0,1,BUY,1723162246.0,BOB,USD,binance
10.7,19587.87,1,BUY,1723162246.0,BOB,USD,binance
10.59,13877.38,1,BUY,1723162246.0,BOB,USD,binance
10.56,15029.45,1,BUY,1723162246.0,BOB,USD,binance
10.5,887.84,1,BUY,1723162246.0,BOB,USD,binance
10.43,1000.0,1,BUY,1723162246.0,BOB,USD,binance
10.42,10000.0,1,BUY,1723162246.0,BOB,USD,binance
10.2,1980.05,2,BUY,1723162246.0,BOB,USD,binance
10.12,89.85,1,BUY,1723162246.0,BOB,USD,binance
10.0,1905.11,4,BUY,1723162246.0,BOB,USD,binance
9.5,59977.2,2,BUY,1723162246.0,BOB,USD,binance
9.0,588.91,3,BUY,1723162246.0,BOB,USD,binance
8.63,95.63,1,BUY,1723162246.0,BOB,USD,binance
8.5,2000.0,1,BUY,1723162246.0,BOB,USD,binance
8.38,2000.0,1,BUY,1723162246.0,BOB,USD,binance
8.2,400.0,1,BUY,1723162246.0,BOB,USD,binance
8.01,251.57,1,BUY,1723162246.0,BOB,USD,binance
8.0,100.0,1,BUY,1723162246.0,BOB,USD,binance
7.8,10754.85,2,BUY,1723162246.0,BOB,USD,binance
7.52,14454.7,1,BUY,1723162246.0,BOB,USD,binance
7.5,199.95,1,BUY,1723162246.0,BOB,USD,binance
7.3,89.83,1,BUY,1723162246.0,BOB,USD,binance
7.25,4882.59,1,BUY,1723162246.0,BOB,USD,binance
7.2,3000.0,1,BUY,1723162246.0,BOB,USD,binance
7.15,7015.0,1,BUY,1723162246.0,BOB,USD,binance
7.0,12585.72,3,BUY,1723162246.0,BOB,USD,binance
6.97,18457.12,1,BUY,1723162246.0,BOB,USD,binance
6.96,20600.0,2,BUY,1723162246.0,BOB,USD,binance
6.9,200.0,2,BUY,1723162246.0,BOB,USD,binance
11.44,64.11,1,SELL,1723162426.0,USD,BOB,binance
11.48,536.35,1,SELL,1723162426.0,USD,BOB,binance
11.49,434.19,1,SELL,1723162426.0,USD,BOB,binance
11.5,440.76,2,SELL,1723162426.0,USD,BOB,binance
11.54,294.01,1,SELL,1723162426.0,USD,BOB,binance
11.55,10.35,1,SELL,1723162426.0,USD,BOB,binance
11.56,20.29,1,SELL,1723162426.0,USD,BOB,binance
11.57,348.33,1,SELL,1723162426.0,USD,BOB,binance
11.6,199.61,1,SELL,1723162426.0,USD,BOB,binance
11.65,237.9,1,SELL,1723162426.0,USD,BOB,binance
11.69,998.01,1,SELL,1723162426.0,USD,BOB,binance
11.72,20.93,1,SELL,1723162426.0,USD,BOB,binance
11.79,2134.88,1,SELL,1723162426.0,USD,BOB,binance
11.8,104.64,1,SELL,1723162426.0,USD,BOB,binance
11.9,581.1,1,SELL,1723162426.0,USD,BOB,binance
11.96,521.79,1,SELL,1723162426.0,USD,BOB,binance
12.0,2029.98,3,SELL,1723162426.0,USD,BOB,binance
12.05,1792.51,1,SELL,1723162426.0,USD,BOB,binance
12.1,703.22,3,SELL,1723162426.0,USD,BOB,binance
12.24,4284.17,2,SELL,1723162426.0,USD,BOB,binance
12.4,574.59,1,SELL,1723162426.0,USD,BOB,binance
12.5,336.64,1,SELL,1723162426.0,USD,BOB,binance
12.56,81.0,1,SELL,1723162426.0,USD,BOB,binance
12.59,99.8,1,SELL,1723162426.0,USD,BOB,binance
12.6,2648.16,2,SELL,1723162426.0,USD,BOB,binance
12.8,178.87,1,SELL,1723162426.0,USD,BOB,binance
12.85,832.65,2,SELL,1723162426.0,USD,BOB,binance
12.91,91.29,1,SELL,1723162426.0,USD,BOB,binance
12.93,99.84,1,SELL,1723162426.0,USD,BOB,binance
12.94,196.99,1,SELL,1723162426.0,USD,BOB,binance
12.95,178.56,1,SELL,1723162426.0,USD,BOB,binance
12.98,1996.8,1,SELL,1723162426.0,USD,BOB,binance
13.0,8221.93,6,SELL,1723162426.0,USD,BOB,binance
13.05,1846.3,1,SELL,1723162426.0,USD,BOB,binance
13.1,4345.38,3,SELL,1723162426.0,USD,BOB,binance
13.16,110.64,1,SELL,1723162426.0,USD,BOB,binance
13.2,108.45,1,SELL,1723162426.0,USD,BOB,binance
13.3,136.11,2,SELL,1723162426.0,USD,BOB,binance
13.46,11.88,1,SELL,1723162426.0,USD,BOB,binance
13.48,368.22,1,SELL,1723162426.0,USD,BOB,binance
13.5,657.37,1,SELL,1723162426.0,USD,BOB,binance
13.6,205.0,2,SELL,1723162426.0,USD,BOB,binance
13.68,499.0,1,SELL,1723162426.0,USD,BOB,binance
13.72,215.47,2,SELL,1723162426.0,USD,BOB,binance
13.74,123.65,1,SELL,1723162426.0,USD,BOB,binance
13.8,5472.8,5,SELL,1723162426.0,USD,BOB,binance
13.82,1159.54,3,SELL,1723162426.0,USD,BOB,binance
13.85,239.99,1,SELL,1723162426.0,USD,BOB,binance
13.1,100.0,1,BUY,1723162426.0,BOB,USD,binance
12.4,100.0,1,BUY,1723162426.0,BOB,USD,binance
11.22,6809.32,1,BUY,1723162426.0,BOB,USD,binance
11.2,18944.81,3,BUY,1723162426.0,BOB,USD,binance
11.15,60.05,1,BUY,1723162426.0,BOB,USD,binance
11.1,35937.65,2,BUY,1723162426.0,BOB,USD,binance
11.01,100.0,1,BUY,1723162426.0,BOB,USD,binance
11.0,7334.76,7,BUY,1723162426.0,BOB,USD,binance
10.9,100.0,1,BUY,1723162426.0,BOB,USD,binance
10.8,15000.0,1,BUY,1723162426.0,BOB,USD,binance
10.7,19587.87,1,BUY,1723162426.0,BOB,USD,binance
10.59,13877.38,1,BUY,1723162426.0,BOB,USD,binance
10.56,15029.45,1,BUY,1723162426.0,BOB,USD,binance
10.5,887.84,1,BUY,1723162426.0,BOB,USD,binance
10.43,1000.0,1,BUY,1723162426.0,BOB,USD,binance
10.42,10000.0,1,BUY,1723162426.0,BOB,USD,binance
10.2,1980.05,2,BUY,1723162426.0,BOB,USD,binance
10.12,89.85,1,BUY,1723162426.0,BOB,USD,binance
10.0,1905.11,4,BUY,1723162426.0,BOB,USD,binance
9.5,59977.2,2,BUY,1723162426.0,BOB,USD,binance
9.0,588.91,3,BUY,1723162426.0,BOB,USD,binance
8.63,95.63,1,BUY,1723162426.0,BOB,USD,binance
8.5,2000.0,1,BUY,1723162426.0,BOB,USD,binance
8.38,2000.0,1,BUY,1723162426.0,BOB,USD,binance
8.2,400.0,1,BUY,1723162426.0,BOB,USD,binance
8.01,251.57,1,BUY,1723162426.0,BOB,USD,binance
8.0,100.0,1,BUY,1723162426.0,BOB,USD,binance
7.8,10754.85,2,BUY,1723162426.0,BOB,USD,binance
7.52,14454.7,1,BUY,1723162426.0,BOB,USD,binance
7.5,199.95,1,BUY,1723162426.0,BOB,USD,binance
7.3,89.83,1,BUY,1723162426.0,BOB,USD,binance
7.25,4882.59,1,BUY,1723162426.0,BOB,USD,binance
7.2,3000.0,1,BUY,1723162426.0,BOB,USD,binance
7.15,7015.0,1,BUY,1723162426.0,BOB,USD,binance
7.0,12585.72,3,BUY,1723162426.0,BOB,USD,binance
6.97,18457.12,1,BUY,1723162426.0,BOB,USD,binance
6.96,20600.0,2,BUY,1723162426.0,BOB,USD,binance
6.9,200.0,2,BUY,1723162426.0,BOB,USD,binance
11.44,64.11,1,SELL,1723162607.0,USD,BOB,binance
11.47,536.35,1,SELL,1723162607.0,USD,BOB,binance
11.49,434.19,1,SELL,1723162607.0,USD,BOB,binance
11.5,440.76,2,SELL,1723162607.0,USD,BOB,binance
11.52,998.0,1,SELL,1723162607.0,USD,BOB,binance
11.55,10.35,1,SELL,1723162607.0,USD,BOB,binance
11.56,20.29,1,SELL,1723162607.0,USD,BOB,binance
11.57,348.33,1,SELL,1723162607.0,USD,BOB,binance
11.6,199.61,1,SELL,1723162607.0,USD,BOB,binance
11.65,237.9,1,SELL,1723162607.0,USD,BOB,binance
11.69,998.01,1,SELL,1723162607.0,USD,BOB,binance
11.72,20.93,1,SELL,1723162607.0,USD,BOB,binance
11.79,2134.88,1,SELL,1723162607.0,USD,BOB,binance
11.8,104.64,1,SELL,1723162607.0,USD,BOB,binance
11.9,581.1,1,SELL,1723162607.0,USD,BOB,binance
11.96,521.79,1,SELL,1723162607.0,USD,BOB,binance
12.0,2038.31,3,SELL,1723162607.0,USD,BOB,binance
12.05,1792.51,1,SELL,1723162607.0,USD,BOB,binance
12.1,703.22,3,SELL,1723162607.0,USD,BOB,binance
12.24,4284.17,2,SELL,1723162607.0,USD,BOB,binance
12.4,574.59,1,SELL,1723162607.0,USD,BOB,binance
12.5,336.64,1,SELL,1723162607.0,USD,BOB,binance
12.56,81.0,1,SELL,1723162607.0,USD,BOB,binance
12.59,99.8,1,SELL,1723162607.0,USD,BOB,binance
12.6,2648.16,2,SELL,1723162607.0,USD,BOB,binance
12.8,178.87,1,SELL,1723162607.0,USD,BOB,binance
12.85,832.65,2,SELL,1723162607.0,USD,BOB,binance
12.91,91.29,1,SELL,1723162607.0,USD,BOB,binance
12.93,99.84,1,SELL,1723162607.0,USD,BOB,binance
12.94,196.99,1,SELL,1723162607.0,USD,BOB,binance
12.95,178.56,1,SELL,1723162607.0,USD,BOB,binance
12.98,1996.8,1,SELL,1723162607.0,USD,BOB,binance
13.0,8221.93,6,SELL,1723162607.0,USD,BOB,binance
13.05,1846.3,1,SELL,1723162607.0,USD,BOB,binance
13.1,4345.38,3,SELL,1723162607.0,USD,BOB,binance
13.16,110.64,1,SELL,1723162607.0,USD,BOB,binance
13.2,108.45,1,SELL,1723162607.0,USD,BOB,binance
13.3,136.11,2,SELL,1723162607.0,USD,BOB,binance
13.46,11.88,1,SELL,1723162607.0,USD,BOB,binance
13.48,368.22,1,SELL,1723162607.0,USD,BOB,binance
13.5,657.37,1,SELL,1723162607.0,USD,BOB,binance
13.6,205.0,2,SELL,1723162607.0,USD,BOB,binance
13.68,499.0,1,SELL,1723162607.0,USD,BOB,binance
13.72,215.47,2,SELL,1723162607.0,USD,BOB,binance
13.74,123.65,1,SELL,1723162607.0,USD,BOB,binance
13.8,5472.8,5,SELL,1723162607.0,USD,BOB,binance
13.82,1159.54,3,SELL,1723162607.0,USD,BOB,binance
13.85,239.99,1,SELL,1723162607.0,USD,BOB,binance
13.1,100.0,1,BUY,1723162607.0,BOB,USD,binance
12.4,100.0,1,BUY,1723162607.0,BOB,USD,binance
11.2,2313.08,2,BUY,1723162607.0,BOB,USD,binance
11.15,49.37,1,BUY,1723162607.0,BOB,USD,binance
11.1,35937.65,2,BUY,1723162607.0,BOB,USD,binance
11.01,100.0,1,BUY,1723162607.0,BOB,USD,binance
11.0,7334.76,7,BUY,1723162607.0,BOB,USD,binance
10.9,100.0,1,BUY,1723162607.0,BOB,USD,binance
10.8,15000.0,1,BUY,1723162607.0,BOB,USD,binance
10.7,19587.87,1,BUY,1723162607.0,BOB,USD,binance
10.59,13877.38,1,BUY,1723162607.0,BOB,USD,binance
10.56,15029.45,1,BUY,1723162607.0,BOB,USD,binance
10.5,887.84,1,BUY,1723162607.0,BOB,USD,binance
10.43,1000.0,1,BUY,1723162607.0,BOB,USD,binance
10.42,10000.0,1,BUY,1723162607.0,BOB,USD,binance
10.2,1980.05,2,BUY,1723162607.0,BOB,USD,binance
10.12,89.85,1,BUY,1723162607.0,BOB,USD,binance
10.0,1905.11,4,BUY,1723162607.0,BOB,USD,binance
9.5,59977.2,2,BUY,1723162607.0,BOB,USD,binance
9.0,588.91,3,BUY,1723162607.0,BOB,USD,binance
8.63,95.63,1,BUY,1723162607.0,BOB,USD,binance
8.5,2000.0,1,BUY,1723162607.0,BOB,USD,binance
8.38,2000.0,1,BUY,1723162607.0,BOB,USD,binance
8.2,400.0,1,BUY,1723162607.0,BOB,USD,binance
8.01,251.57,1,BUY,1723162607.0,BOB,USD,binance
8.0,100.0,1,BUY,1723162607.0,BOB,USD,binance
7.8,10754.85,2,BUY,1723162607.0,BOB,USD,binance
7.52,14454.7,1,BUY,1723162607.0,BOB,USD,binance
7.5,199.95,1,BUY,1723162607.0,BOB,USD,binance
7.3,89.83,1,BUY,1723162607.0,BOB,USD,binance
7.25,4882.59,1,BUY,1723162607.0,BOB,USD,binance
7.2,3000.0,1,BUY,1723162607.0,BOB,USD,binance
7.15,7015.0,1,BUY,1723162607.0,BOB,USD,binance
7.0,12585.72,3,BUY,1723162607.0,BOB,USD,binance
6.97,18457.12,1,BUY,1723162607.0,BOB,USD,binance
6.96,20600.0,2,BUY,1723162607.0,BOB,USD,binance
6.9,200.0,2,BUY,1723162607.0,BOB,USD,binance
11.44,64.11,1,SELL,1723162786.0,USD,BOB,binance
11.47,536.35,1,SELL,1723162786.0,USD,BOB,binance
11.49,434.19,1,SELL,1723162786.0,USD,BOB,binance
11.5,440.76,2,SELL,1723162786.0,USD,BOB,binance
11.52,998.0,1,SELL,1723162786.0,USD,BOB,binance
11.55,10.35,1,SELL,1723162786.0,USD,BOB,binance
11.56,20.29,1,SELL,1723162786.0,USD,BOB,binance
11.57,348.33,1,SELL,1723162786.0,USD,BOB,binance
11.6,199.61,1,SELL,1723162786.0,USD,BOB,binance
11.65,237.9,1,SELL,1723162786.0,USD,BOB,binance
11.69,998.01,1,SELL,1723162786.0,USD,BOB,binance
11.72,20.93,1,SELL,1723162786.0,USD,BOB,binance
11.79,2134.88,1,SELL,1723162786.0,USD,BOB,binance
11.8,104.64,1,SELL,1723162786.0,USD,BOB,binance
11.9,581.1,1,SELL,1723162786.0,USD,BOB,binance
11.96,521.79,1,SELL,1723162786.0,USD,BOB,binance
12.0,2043.3,3,SELL,1723162786.0,USD,BOB,binance
12.05,1792.51,1,SELL,1723162786.0,USD,BOB,binance
12.1,703.22,3,SELL,1723162786.0,USD,BOB,binance
12.24,4284.17,2,SELL,1723162786.0,USD,BOB,binance
12.4,574.59,1,SELL,1723162786.0,USD,BOB,binance
12.5,336.64,1,SELL,1723162786.0,USD,BOB,binance
12.56,81.0,1,SELL,1723162786.0,USD,BOB,binance
12.59,99.8,1,SELL,1723162786.0,USD,BOB,binance
12.6,2648.16,2,SELL,1723162786.0,USD,BOB,binance
12.8,178.87,1,SELL,1723162786.0,USD,BOB,binance
12.85,910.46,2,SELL,1723162786.0,USD,BOB,binance
12.91,91.29,1,SELL,1723162786.0,USD,BOB,binance
12.93,99.84,1,SELL,1723162786.0,USD,BOB,binance
12.94,196.99,1,SELL,1723162786.0,USD,BOB,binance
12.95,178.56,1,SELL,1723162786.0,USD,BOB,binance
12.98,1996.8,1,SELL,1723162786.0,USD,BOB,binance
13.0,8221.93,6,SELL,1723162786.0,USD,BOB,binance
13.05,1846.3,1,SELL,1723162786.0,USD,BOB,binance
13.1,4345.38,3,SELL,1723162786.0,USD,BOB,binance
13.16,110.64,1,SELL,1723162786.0,USD,BOB,binance
13.2,108.45,1,SELL,1723162786.0,USD,BOB,binance
13.3,136.11,2,SELL,1723162786.0,USD,BOB,binance
13.46,11.88,1,SELL,1723162786.0,USD,BOB,binance
13.48,368.22,1,SELL,1723162786.0,USD,BOB,binance
13.5,657.37,1,SELL,1723162786.0,USD,BOB,binance
13.6,205.0,2,SELL,1723162786.0,USD,BOB,binance
13.68,499.0,1,SELL,1723162786.0,USD,BOB,binance
13.72,215.47,2,SELL,1723162786.0,USD,BOB,binance
13.74,123.65,1,SELL,1723162786.0,USD,BOB,binance
13.8,5472.8,5,SELL,1723162786.0,USD,BOB,binance
13.82,1159.54,3,SELL,1723162786.0,USD,BOB,binance
13.85,239.99,1,SELL,1723162786.0,USD,BOB,binance
13.1,100.0,1,BUY,1723162786.0,BOB,USD,binance
12.4,100.0,1,BUY,1723162786.0,BOB,USD,binance
11.2,2299.69,2,BUY,1723162786.0,BOB,USD,binance
11.1,35227.77,1,BUY,1723162786.0,BOB,USD,binance
11.05,700.0,1,BUY,1723162786.0,BOB,USD,binance
11.01,100.0,1,BUY,1723162786.0,BOB,USD,binance
11.0,7334.76,7,BUY,1723162786.0,BOB,USD,binance
10.9,100.0,1,BUY,1723162786.0,BOB,USD,binance
10.8,15000.0,1,BUY,1723162786.0,BOB,USD,binance
10.7,19587.87,1,BUY,1723162786.0,BOB,USD,binance
10.59,13877.38,1,BUY,1723162786.0,BOB,USD,binance
10.56,15029.45,1,BUY,1723162786.0,BOB,USD,binance
10.5,887.84,1,BUY,1723162786.0,BOB,USD,binance
10.43,1000.0,1,BUY,1723162786.0,BOB,USD,binance
10.42,10000.0,1,BUY,1723162786.0,BOB,USD,binance
10.2,1980.05,2,BUY,1723162786.0,BOB,USD,binance
10.12,89.85,1,BUY,1723162786.0,BOB,USD,binance
10.0,1905.11,4,BUY,1723162786.0,BOB,USD,binance
9.5,59977.2,2,BUY,1723162786.0,BOB,USD,binance
9.0,588.91,3,BUY,1723162786.0,BOB,USD,binance
8.63,95.63,1,BUY,1723162786.0,BOB,USD,binance
8.5,2000.0,1,BUY,1723162786.0,BOB,USD,binance
8.38,2000.0,1,BUY,1723162786.0,BOB,USD,binance
8.2,400.0,1,BUY,1723162786.0,BOB,USD,binance
8.01,251.57,1,BUY,1723162786.0,BOB,USD,binance
8.0,100.0,1,BUY,1723162786.0,BOB,USD,binance
7.8,10754.85,2,BUY,1723162786.0,BOB,USD,binance
7.52,14454.7,1,BUY,1723162786.0,BOB,USD,binance
7.5,199.95,1,BUY,1723162786.0,BOB,USD,binance
7.3,89.83,1,BUY,1723162786.0,BOB,USD,binance
7.25,4882.59,1,BUY,1723162786.0,BOB,USD,binance
7.2,3000.0,1,BUY,1723162786.0,BOB,USD,binance
7.15,7015.0,1,BUY,1723162786.0,BOB,USD,binance
7.0,12585.72,3,BUY,1723162786.0,BOB,USD,binance
6.97,18457.12,1,BUY,1723162786.0,BOB,USD,binance
6.96,20600.0,2,BUY,1723162786.0,BOB,USD,binance
6.9,200.0,2,BUY,1723162786.0,BOB,USD,binance
11.43,408.68,1,SELL,1723162966.0,USD,BOB,binance
11.44,64.11,1,SELL,1723162966.0,USD,BOB,binance
11.47,536.35,1,SELL,1723162966.0,USD,BOB,binance
11.49,421.14,1,SELL,1723162966.0,USD,BOB,binance
11.5,1438.76,3,SELL,1723162966.0,USD,BOB,binance
11.56,20.29,1,SELL,1723162966.0,USD,BOB,binance
11.57,348.33,1,SELL,1723162966.0,USD,BOB,binance
11.6,199.61,1,SELL,1723162966.0,USD,BOB,binance
11.65,237.9,1,SELL,1723162966.0,USD,BOB,binance
11.69,998.01,1,SELL,1723162966.0,USD,BOB,binance
11.72,20.93,1,SELL,1723162966.0,USD,BOB,binance
11.79,2134.88,1,SELL,1723162966.0,USD,BOB,binance
11.8,104.64,1,SELL,1723162966.0,USD,BOB,binance
11.9,591.91,1,SELL,1723162966.0,USD,BOB,binance
11.96,521.79,1,SELL,1723162966.0,USD,BOB,binance
12.0,2034.97,3,SELL,1723162966.0,USD,BOB,binance
12.05,1792.51,1,SELL,1723162966.0,USD,BOB,binance
12.1,703.22,3,SELL,1723162966.0,USD,BOB,binance
12.24,4284.17,2,SELL,1723162966.0,USD,BOB,binance
12.4,574.59,1,SELL,1723162966.0,USD,BOB,binance
12.5,336.64,1,SELL,1723162966.0,USD,BOB,binance
12.56,81.0,1,SELL,1723162966.0,USD,BOB,binance
12.59,99.8,1,SELL,1723162966.0,USD,BOB,binance
12.6,2648.16,2,SELL,1723162966.0,USD,BOB,binance
12.8,178.87,1,SELL,1723162966.0,USD,BOB,binance
12.85,910.46,2,SELL,1723162966.0,USD,BOB,binance
12.91,91.29,1,SELL,1723162966.0,USD,BOB,binance
12.93,99.84,1,SELL,1723162966.0,USD,BOB,binance
12.94,196.99,1,SELL,1723162966.0,USD,BOB,binance
12.95,178.56,1,SELL,1723162966.0,USD,BOB,binance
12.98,1996.8,1,SELL,1723162966.0,USD,BOB,binance
13.0,8221.93,6,SELL,1723162966.0,USD,BOB,binance
13.05,1846.3,1,SELL,1723162966.0,USD,BOB,binance
13.1,4345.38,3,SELL,1723162966.0,USD,BOB,binance
13.16,110.64,1,SELL,1723162966.0,USD,BOB,binance
13.2,108.45,1,SELL,1723162966.0,USD,BOB,binance
13.3,136.11,2,SELL,1723162966.0,USD,BOB,binance
13.46,11.88,1,SELL,1723162966.0,USD,BOB,binance
13.48,368.22,1,SELL,1723162966.0,USD,BOB,binance
13.5,657.37,1,SELL,1723162966.0,USD,BOB,binance
13.6,205.0,2,SELL,1723162966.0,USD,BOB,binance
13.68,499.0,1,SELL,1723162966.0,USD,BOB,binance
13.72,215.47,2,SELL,1723162966.0,USD,BOB,binance
13.74,123.65,1,SELL,1723162966.0,USD,BOB,binance
13.8,5472.8,5,SELL,1723162966.0,USD,BOB,binance
13.82,1159.54,3,SELL,1723162966.0,USD,BOB,binance
13.85,239.99,1,SELL,1723162966.0,USD,BOB,binance
13.1,100.0,1,BUY,1723162966.0,BOB,USD,binance
12.4,100.0,1,BUY,1723162966.0,BOB,USD,binance
11.2,1431.77,1,BUY,1723162966.0,BOB,USD,binance
11.19,2955.58,1,BUY,1723162966.0,BOB,USD,binance
11.1,35222.37,1,BUY,1723162966.0,BOB,USD,binance
11.05,700.0,1,BUY,1723162966.0,BOB,USD,binance
11.01,100.0,1,BUY,1723162966.0,BOB,USD,binance
11.0,8161.73,8,BUY,1723162966.0,BOB,USD,binance
10.9,100.0,1,BUY,1723162966.0,BOB,USD,binance
10.8,15000.0,1,BUY,1723162966.0,BOB,USD,binance
10.7,19587.87,1,BUY,1723162966.0,BOB,USD,binance
10.59,13877.38,1,BUY,1723162966.0,BOB,USD,binance
10.56,15029.45,1,BUY,1723162966.0,BOB,USD,binance
10.5,887.84,1,BUY,1723162966.0,BOB,USD,binance
10.43,1000.0,1,BUY,1723162966.0,BOB,USD,binance
10.42,10000.0,1,BUY,1723162966.0,BOB,USD,binance
10.2,1980.05,2,BUY,1723162966.0,BOB,USD,binance
10.12,89.85,1,BUY,1723162966.0,BOB,USD,binance
10.0,1905.11,4,BUY,1723162966.0,BOB,USD,binance
9.5,59977.2,2,BUY,1723162966.0,BOB,USD,binance
9.0,588.91,3,BUY,1723162966.0,BOB,USD,binance
8.63,95.63,1,BUY,1723162966.0,BOB,USD,binance
8.5,2000.0,1,BUY,1723162966.0,BOB,USD,binance
8.38,2000.0,1,BUY,1723162966.0,BOB,USD,binance
8.2,400.0,1,BUY,1723162966.0,BOB,USD,binance
8.01,251.57,1,BUY,1723162966.0,BOB,USD,binance
8.0,100.0,1,BUY,1723162966.0,BOB,USD,binance
7.8,10754.85,2,BUY,1723162966.0,BOB,USD,binance
7.52,14454.7,1,BUY,1723162966.0,BOB,USD,binance
7.5,199.95,1,BUY,1723162966.0,BOB,USD,binance
7.3,89.83,1,BUY,1723162966.0,BOB,USD,binance
7.25,4882.59,1,BUY,1723162966.0,BOB,USD,binance
7.2,3000.0,1,BUY,1723162966.0,BOB,USD,binance
7.15,7015.0,1,BUY,1723162966.0,BOB,USD,binance
7.0,12585.72,3,BUY,1723162966.0,BOB,USD,binance
6.97,18457.12,1,BUY,1723162966.0,BOB,USD,binance
6.96,20600.0,2,BUY,1723162966.0,BOB,USD,binance
6.9,200.0,2,BUY,1723162966.0,BOB,USD,binance
11.43,408.68,1,SELL,1723163045.0,USD,BOB,binance
11.44,64.11,1,SELL,1723163045.0,USD,BOB,binance
11.47,536.35,1,SELL,1723163045.0,USD,BOB,binance
11.49,421.14,1,SELL,1723163045.0,USD,BOB,binance
11.5,1438.76,3,SELL,1723163045.0,USD,BOB,binance
11.56,20.29,1,SELL,1723163045.0,USD,BOB,binance
11.57,348.33,1,SELL,1723163045.0,USD,BOB,binance
11.6,199.61,1,SELL,1723163045.0,USD,BOB,binance
11.65,237.9,1,SELL,1723163045.0,USD,BOB,binance
11.69,998.01,1,SELL,1723163045.0,USD,BOB,binance
11.72,20.93,1,SELL,1723163045.0,USD,BOB,binance
11.79,2134.88,1,SELL,1723163045.0,USD,BOB,binance
11.8,104.64,1,SELL,1723163045.0,USD,BOB,binance
11.9,591.91,1,SELL,1723163045.0,USD,BOB,binance
11.96,521.79,1,SELL,1723163045.0,USD,BOB,binance
12.0,2034.97,3,SELL,1723163045.0,USD,BOB,binance
12.05,1792.51,1,SELL,1723163045.0,USD,BOB,binance
12.1,703.22,3,SELL,1723163045.0,USD,BOB,binance
12.24,4284.17,2,SELL,1723163045.0,USD,BOB,binance
12.4,574.59,1,SELL,1723163045.0,USD,BOB,binance
12.5,336.64,1,SELL,1723163045.0,USD,BOB,binance
12.56,81.0,1,SELL,1723163045.0,USD,BOB,binance
12.59,99.8,1,SELL,1723163045.0,USD,BOB,binance
12.6,2648.16,2,SELL,1723163045.0,USD,BOB,binance
12.8,178.87,1,SELL,1723163045.0,USD,BOB,binance
12.85,910.46,2,SELL,1723163045.0,USD,BOB,binance
12.91,91.29,1,SELL,1723163045.0,USD,BOB,binance
12.93,99.84,1,SELL,1723163045.0,USD,BOB,binance
12.94,196.99,1,SELL,1723163045.0,USD,BOB,binance
12.95,178.56,1,SELL,1723163045.0,USD,BOB,binance
12.98,1996.8,1,SELL,1723163045.0,USD,BOB,binance
13.0,8221.93,6,SELL,1723163045.0,USD,BOB,binance
13.05,1846.3,1,SELL,1723163045.0,USD,BOB,binance
13.1,4345.38,3,SELL,1723163045.0,USD,BOB,binance
13.16,110.64,1,SELL,1723163045.0,USD,BOB,binance
13.2,108.45,1,SELL,1723163045.0,USD,BOB,binance
13.3,136.11,2,SELL,1723163045.0,USD,BOB,binance
13.46,11.88,1,SELL,1723163045.0,USD,BOB,binance
13.48,368.22,1,SELL,1723163045.0,USD,BOB,binance
13.5,657.37,1,SELL,1723163045.0,USD,BOB,binance
13.6,205.0,2,SELL,1723163045.0,USD,BOB,binance
13.68,499.0,1,SELL,1723163045.0,USD,BOB,binance
13.72,215.47,2,SELL,1723163045.0,USD,BOB,binance
13.74,123.65,1,SELL,1723163045.0,USD,BOB,binance
13.8,5465.56,5,SELL,1723163045.0,USD,BOB,binance
13.82,1159.54,3,SELL,1723163045.0,USD,BOB,binance
13.85,239.99,1,SELL,1723163045.0,USD,BOB,binance
13.1,100.0,1,BUY,1723163045.0,BOB,USD,binance
12.4,100.0,1,BUY,1723163045.0,BOB,USD,binance
11.2,1411.98,1,BUY,1723163045.0,BOB,USD,binance
11.19,2955.58,1,BUY,1723163045.0,BOB,USD,binance
11.1,35922.37,2,BUY,1723163045.0,BOB,USD,binance
11.01,100.0,1,BUY,1723163045.0,BOB,USD,binance
11.0,8161.73,8,BUY,1723163045.0,BOB,USD,binance
10.9,100.0,1,BUY,1723163045.0,BOB,USD,binance
10.8,15000.0,1,BUY,1723163045.0,BOB,USD,binance
10.7,19587.87,1,BUY,1723163045.0,BOB,USD,binance
10.59,13877.38,1,BUY,1723163045.0,BOB,USD,binance
10.56,15029.45,1,BUY,1723163045.0,BOB,USD,binance
10.5,887.84,1,BUY,1723163045.0,BOB,USD,binance
10.43,1000.0,1,BUY,1723163045.0,BOB,USD,binance
10.42,10000.0,1,BUY,1723163045.0,BOB,USD,binance
10.2,1980.05,2,BUY,1723163045.0,BOB,USD,binance
10.12,89.85,1,BUY,1723163045.0,BOB,USD,binance
10.0,1905.11,4,BUY,1723163045.0,BOB,USD,binance
9.5,59977.2,2,BUY,1723163045.0,BOB,USD,binance
9.0,588.91,3,BUY,1723163045.0,BOB,USD,binance
8.63,95.63,1,BUY,1723163045.0,BOB,USD,binance
8.5,2000.0,1,BUY,1723163045.0,BOB,USD,binance
8.38,2000.0,1,BUY,1723163045.0,BOB,USD,binance
8.2,400.0,1,BUY,1723163045.0,BOB,USD,binance
8.01,251.57,1,BUY,1723163045.0,BOB,USD,binance
8.0,100.0,1,BUY,1723163045.0,BOB,USD,binance
7.8,10754.85,2,BUY,1723163045.0,BOB,USD,binance
7.52,14454.7,1,BUY,1723163045.0,BOB,USD,binance
7.5,199.95,1,BUY,1723163045.0,BOB,USD,binance
7.3,89.83,1,BUY,1723163045.0,BOB,USD,binance
7.25,4882.59,1,BUY,1723163045.0,BOB,USD,binance
7.2,3000.0,1,BUY,1723163045.0,BOB,USD,binance
7.15,7015.0,1,BUY,1723163045.0,BOB,USD,binance
7.0,12585.72,3,BUY,1723163045.0,BOB,USD,binance
6.97,18457.12,1,BUY,1723163045.0,BOB,USD,binance
6.96,20600.0,2,BUY,1723163045.0,BOB,USD,binance
6.9,200.0,2,BUY,1723163045.0,BOB,USD,binance
10.93,263.92,1,SELL,1723166652.0,USD,BOB,binance
11.0,282.97,2,SELL,1723166652.0,USD,BOB,binance
11.3,455.53,1,SELL,1723166652.0,USD,BOB,binance
11.39,967.62,1,SELL,1723166652.0,USD,BOB,binance
11.4,110.86,1,SELL,1723166652.0,USD,BOB,binance
11.44,64.11,1,SELL,1723166652.0,USD,BOB,binance
11.47,536.35,1,SELL,1723166652.0,USD,BOB,binance
11.49,60.0,1,SELL,1723166652.0,USD,BOB,binance
11.5,532.72,2,SELL,1723166652.0,USD,BOB,binance
11.56,20.29,1,SELL,1723166652.0,USD,BOB,binance
11.69,998.01,1,SELL,1723166652.0,USD,BOB,binance
11.72,20.93,1,SELL,1723166652.0,USD,BOB,binance
11.8,199.68,1,SELL,1723166652.0,USD,BOB,binance
11.85,1792.51,1,SELL,1723166652.0,USD,BOB,binance
11.9,1461.1,2,SELL,1723166652.0,USD,BOB,binance
11.96,521.79,1,SELL,1723166652.0,USD,BOB,binance
12.0,1527.63,1,SELL,1723166652.0,USD,BOB,binance
12.1,1205.98,4,SELL,1723166652.0,USD,BOB,binance
12.24,1153.48,1,SELL,1723166652.0,USD,BOB,binance
12.4,574.59,1,SELL,1723166652.0,USD,BOB,binance
12.5,336.64,1,SELL,1723166652.0,USD,BOB,binance
12.56,81.0,1,SELL,1723166652.0,USD,BOB,binance
12.59,99.8,1,SELL,1723166652.0,USD,BOB,binance
12.6,2648.16,2,SELL,1723166652.0,USD,BOB,binance
12.8,178.87,1,SELL,1723166652.0,USD,BOB,binance
12.85,910.46,2,SELL,1723166652.0,USD,BOB,binance
12.91,91.29,1,SELL,1723166652.0,USD,BOB,binance
12.93,99.84,1,SELL,1723166652.0,USD,BOB,binance
12.94,196.99,1,SELL,1723166652.0,USD,BOB,binance
12.95,178.56,1,SELL,1723166652.0,USD,BOB,binance
12.98,1996.8,1,SELL,1723166652.0,USD,BOB,binance
13.0,4848.25,5,SELL,1723166652.0,USD,BOB,binance
13.05,1846.3,1,SELL,1723166652.0,USD,BOB,binance
13.1,690.71,2,SELL,1723166652.0,USD,BOB,binance
